2846 3588
283 338 478 399 στῆσεν,
529 335 611 382 διὰ
644 335 816 397 τάφρον
849 334 1034 395 ὀρύξας.
1109 334 1299 384 Contra
1330 335 1510 400 φηγός
1540 332 1671 399 quod
1700 331 1815 382 Ilias
1847 338 1921 382 tot
1951 330 2070 382 locis
2095 331 2254 385 ‚habet
2289 340 2406 400 quot
2438 333 2665 390 σκόλοπες

282 422 483 489 (septies
500 422 562 473 de
576 422 752 472 arbore
767 421 854 472 illa
869 422 1085 474 solitaria
1101 440 1130 474 e
1143 440 1318 490 campo
1337 423 1556 489 Trojano
1571 429 1821 489 surgente,
1849 421 2083 472 semelin
2098 422 2468 488 comparatione
2501 423 2549 473 11
2560 423 2658 473 767

283 531 393 562 cum
426 512 531 562 aliis
555 511 812 562 arboribus
847 514 996 578 φηγόν
1030 530 1081 562 τε
1110 512 1275 578 μελίην
1311 529 1363 561 τε
1397 512 1665 576 τανύφλοιόν
1699 528 1750 561 τε
1784 511 2029 578 κράνειαν)
2043 511 2095 561 in
2112 510 2337 579 Odyssea
2351 531 2455 563 non
2470 512 2656 578 legitur.

483 631 623 680 Haec
674 630 914 681 vocabula
963 647 1087 698 quae
1135 630 1428 682 munitiones
1479 637 1749 682 castrorum
1799 638 1848 681 et
1895 630 2086 681 urbium
2135 638 2336 695 notant,
2397 638 2658 698 sequantur

280 722 461 771 verba
502 720 568 786 ad
619 715 1029 788 expugnationem
1071 721 1342 787 spectantia
1384 737 1507 788 quae
1542 720 1905 776 diruendiet
1936 716 2220 771 vastandi
2251 728 2543 788 potestatem
2575 722 2659 771 ha·

278 813 411 862 bent.
457 809 623 875 *Quae
675 811 838 860 omnia
886 810 939 860 in
969 808 1122 861 Iliade
1173 810 1338 862 multis
1388 809 1606 878 partibus
1649 809 1976 877 frequentiora
2019 827 2128 861 esse
2170 814 2317 877 quam
2348 811 2401 861 in
2436 811 2658 880 Odyssea

277 901 358 952 vix
393 909 469 953 est
504 899 634 968 quod
667 918 916 952 moneam:
968 901 1352 959 ἐξαλαπάξειν
1386 902 1466 963 9,3
1510 899 1800 964 κεραΐζειν
1834 903 1912 965 8,1
1959 899 2009 967 (θ
2027 898 2126 951 516
2160 900 2297 950 ἄλλον
2330 902 2488 967 δ’ἄλλῃ
2522 902 2656 951 ἄειδε

277 992 407 1041 πόλιν
442 989 715 1054 κεραΐξὲμεν
750 990 891 1057 αἰπήν
925 1010 1135 1057 quocum
1170 993 1229 1042 cf.
1247 993 1297 1042 Π
1299 993 1398 1042 767
1432 991 1655 1053 Πάτροκλ’
1688 991 1720 1056 ἦ
1756 1010 1846 1040 που
1881 990 2068 1057 ἔφησθα
2102 1007 2149 1040 π.
2175 1009 2216 1039 κ.
2234 991 2388 1059 ἁμήν).
2439 991 2656 1047 Δαῗζειν

275 1079 432 1149 (193)
467 1081 598 1147 quod
630 1080 682 1131 in
716 1080 868 1132 Iliade
902 1081 1248 1149 perrumpendi
1283 1090 1332 1132 et
1362 1081 1607 1132 lacerandi
1639 1082 1740 1131 vim
1772 1081 1955 1136 habere
1989 1080 2126 1144 solet,
2161 1081 2214 1130 in
2249 1081 2474 1150 Odyssea
2507 1080 2657 1131 semel

276 1190 423 1222 sensu
465 1170 720 1221 dividendi
766 1182 1048 1239 usurpatum
1096 1181 1171 1223 est
1221 1176 1251 1228 Ε
1272 1174 1371 1223 434
1422 1172 1607 1237 ἕπταχα
1659 1173 1810 1221 πάντα
1861 1175 2128 1236 διεμοιρᾶτο
2178 1171 2352 1228 δαΐζων
2409 1180 2457 1221 et
2507 1172 2658 1221 semel

273 1262 564 1312 translatum
611 1279 633 1309 ν
650 1263 749 1312 320
796 1263 994 1312 ἀλλάἱεί
1021 1264 1185 1328 φρεσὶν
1218 1261 1323 1330 ᾗσιν
1357 1262 1480 1328 ἔχων
1515 1263 1821 1326 δεδαϊγμένον
1854 1263 1991 1328 ἦτορ;
2044 1260 2139 1313 sed
2174 1261 2254 1311 hic
2299 1261 2435 1313 locus
2482 1263 2656 1313 rationi

272 1352 552 1402 inferendus
587 1370 689 1402 non
724 1360 812 1415 est,
848 1371 994 1420 quem
1020 1354 1127 1422 jam
1159 1361 1350 1404 veteres
1385 1352 1527 1404 obelo
1561 1352 1826 1402 rectissime
1860 1360 2164 1402 notaverunt.

476 1472 647 1523 Restat
694 1480 746 1523 ut
796 1490 1025 1524 moneam
1069 1473 1216 1524 etiam
1258 1473 1480 1524 similium
1516 1471 1818 1523 diversonim
1850 1490 1990 1534 usum
2023 1470 2249 1535 nonnihil
2283 1471 2348 1522 ad
2382 1471 2654 1537 discrepan-

273 1562 363 1611 tias
397 1562 525 1611 inter
557 1562 803 1628 utriusque
839 1563 1067 1613 carminis
1104 1564 1364 1616 dictionem
1397 1563 1646 1629 augendas
1681 1562 1957 1612 contulisse.
2027 1563 2158 1612 Nam
2172 1562 2338 1613 Iliadis
2365 1557 2651 1628 argumento

273 1669 421 1716 quum
470 1651 600 1721 illae·
617 1652 820 1702 heroum
852 1654 1178 1719 pugnantium
1212 1671 1322 1702 cum
1355 1654 1522 1703 bestiis
1558 1653 1823 1702 carnivoris
1858 1652 2248 1724 comparationes
2284 1653 2502 1717 apprime
2538 1669 2651 1701 con-

272 1741 493 1802 veniant,
545 1742 725 1792 factum
764 1750 840 1793 est
890 1751 943 1793 ut
993 1743 1068 1793 his
1111 1743 1373 1792 identidem
1413 1742 1654 1809 usurpatis
1689 1742 1901 1792 ferarum
1934 1741 2185 1792 vocabulis
2220 1741 2472 1808 quinquies
2507 1759 2658 1808 appo-

271 1832 415 1882 situm
450 1833 512 1883 sit
547 1833 797 1899 epitheton
831 1836 1169 1898 ὠμοφάγος,
1222 1835 1352 1901 quod
1393 1841 1589 1902 praeter
1622 1834 1745 1883 haec
1780 1833 1953 1889 similia
1988 1834 2040 1882 in
2073 1832 2224 1882 Iliade
2258 1832 2419 1900 locum
2452 1850 2555 1882 non
2587 1833 2656 1882 in-

270 1922 425 1985 venit,
478 1923 661 1974 nedum
710 1924 762 1974 in
816 1923 1054 1992 Odyssea.
1126 1924 1281 1974 Aliter
1331 1941 1409 1975 res
1461 1925 1611 1974 habet
1658 1924 1711 1974 in
1752 1922 1992 1974 vocabulo
2036 1922 2248 1989 ejusdem
2293 1922 2655 1989 significationis

269 2013 540 2079 ὠμηστής
570 2012 691 2080 (4,Ο)
727 2013 859 2079 quod
892 2013 1044 2072 semel
1077 2021 1268 2064 tantum
1301 2016 1353 2065 in
1386 2014 1528 2076 simili
1562 2015 1794 2079 positum,
1844 2014 1920 2064 bis
1957 2013 2016 2062 de
2051 2013 2221 2063 avibus
2257 2021 2304 2063 et
2339 2012 2538 2061 canibus
2574 2012 2654 2077 qui

270 2102 587 2153 cadaveribus
622 2110 897 2165 vescuntur,
934 2102 1086 2153 semel
1119 2103 1408 2156 translatum
1441 2105 1662 2169 ὠμηστής
1693 2104 1824 2169 ἀνήρ.
1854 2085 1857 2089 “

469 2411 547 2462 Ex
597 2412 656 2461 iis
699 2428 824 2478 quae
867 2412 1026 2463 adhuc
1059 2412 1407 2478 disputavimus
1441 2413 1724 2477 apparuisse
1758 2414 1957 2480 opinor,
2009 2428 2265 2483 numerum
2305 2409 2654 2460 vocabulorum

267 2519 392 2570 quae
444 2502 659 2552 alterutri
701 2503 906 2552 carmini
944 2503 1207 2569 peculiaria
1240 2511 1354 2554 sunt
1383 2518 1694 2569 nequaquam
1734 2504 1956 2570 angustis
2005 2502 2184 2553 finibus
2238 2500 2653 2565 cimumscriptmn

266 2608 389 2643 esse.
460 2592 591 2642 Nam
630 2593 693 2643 ab
729 2592 984 2661 Odysseae
1018 2608 1245 2643 sermone
1287 2609 1390 2643 non
1428 2593 1579 2644 modo
1596 2593 1822 2660 plurima
1856 2592 2015 2642 aliena
2048 2608 2157 2642 esse
2191 2591 2402 2642 vidimus
2432 2605 2556 2655 quae
2590 2589 2651 2639 ad

266 2683 448 2733 bellum
500 2690 550 2731 et
598 2700 791 2748 pugnas
841 2683 1108 2749 pertinent,
1154 2683 1287 2732 velut
1332 2701 1577 2733 annorum
1610 2683 1816 2732 militum
1851 2682 2025 2732 ducum
2058 2682 2288 2732 tumultus
2323 2682 2467 2745 fugae
2501 2680 2652 2727 muni-

266 2780 543 2824 memorum
577 2771 862 2838 direptionis
893 2773 1116 2824 nomina:
1152 2772 1241 2823 sed
1271 2772 1523 2824 nonnulla·
1537 2773 1699 2823 etiam
1714 2771 1832 2823 huic
1864 2771 2043 2838 generi.
2067 2772 2327 2839 conjuncta
2360 2778 2409 2818 et
2442 2776 2649 2833 cognata

265 2864 443 2928 partim
492 2863 546 2914 in
566 2861 731 2912 -niade
776 2862 930 2929 longe
979 2863 1332 2930 frequentiora,
1383 2863 1562 2929 partim
1601 2862 1654 2912 in
1689 2861 1964 2930 Odysseam
1995 2880 2265 2928 nmquam·
2296 2859 2510 2910 admissa
2543 2875 2650 2908 esse

264 2952 602 3006 intelleximus.
643 2952 804 3004 Hinc
835 2952 908 3004 ad
940 2971 1011 3006 ea
1043 2953 1354 3006 vocabula
1385 2962 1635 3006 transeo
1669 2969 1819 3020 quae
1855 2952 2166 3022 Odysseae
2199 2950 2456 3021 propria
2490 2958 2657 3010 sunt,

264 3062 520 3112 quorum
570 3044 792 3113 duplex
841 3061 1037 3113 genus
1091 3054 1180 3098 est
1218 3044 1469 3098 alterum
1506 3043 1589 3098 ‘ad
1626 3062 1723 3097 res
1757 3045 2113 3109 maritimas,
2160 3045 2415 3099 alterum
2440 3040 2521 3091 ‘ad
2556 3041 2651 3092 do·

263 3136 563 3187 meoticas
598 3145 906 3202 spectans.
985 3137 1063 3189 Ex
1106 3137 1201 3189 illis
1237 3145 1396 3196 autem
1430 3156 1533 3189 non
1567 3153 1726 3203 pauca
1758 3137 1905 3190 etiam
1937 3137 1988 3188 in
2022 3135 2179 3189 Iliade
2206 3133 2415 3189 inveniri
2450 3150 2651 3187 consen-
