2846 3588
973 1201 1485 1308 Quaesumus
1540 1201 1935 1301 maranae

1116 1365 1366 1415 civibus
1409 1365 1803 1415 academici·

733 1476 786 1530 in
835 1474 973 1530 huno
1023 1489 1222 1530 annun
1271 1474 1338 1530 ad
1386 1473 1808 1531 concertandum
1855 1475 2187 1564 propositae.

1582 1635 1614 1643 .-
1624 1640 1627 1641 γ

1080 1772 1398 1843 Facultatis
1446 1773 1836 1870 theologicae.

392 1912 631 1962 Doctrina
665 1911 726 1963 de
760 1910 966 1961 ecclesia
998 1909 1333 1959 recentissima
1366 1927 1397 1959 a
1428 1908 1693 1961 Kliefothio
1729 1911 1932 1962 defensa
1966 1930 2076 1961 cum
2109 1909 2370 1961 bibliorum
2405 1928 2653 1960 sacrorum

259 2012 306 2052 et
341 2003 677 2071 symbolorum
711 2000 1108 2067 evangelicorum
1144 2000 1365 2049 doctrina
1399 2009 1720 2066 comparetur.

978 2172 1299 2243 Facultatis
1345 2172 1936 2247 «Iurisconsultorum.

398 2316 441 2361 1.
486 2310 830 2376 Interpretatio
863 2308 986 2375 legis
1025 2309 1090 2359 35
1123 2326 1197 2376 pr.
1235 2311 1268 2374 ξ
1292 2309 1419 2358 1-5
1454 2308 1517 2358 D.
1556 2308 1615 2359 de
1650 2309 1910 2360 heredibus
1945 2283 2533 2377 instituendis'QXVIII,
2560 2311 2652 2376 15).

396 2406 440 2451 2.
485 2401 831 2467 Interpretatio
865 2417 972 2466 cap.
1011 2402 1075 2455 28
1108 2400 1174 2449 X.
1212 2399 1272 2448 de
1301 2400 1617 2467 jurejurando
1653 2400 1736 2468 (H,
1775 2401 1874 2468 24).

1081 2571 1132 2639 F
1134 2569 1403 2641 aeultatis
1450 2571 1836 2643 medicorum.

399 2716 440 2759 1.
495 2706 870 2774 Disquisitiones
906 2708 967 2758 de
1002 2707 1348 2756 molluscorum
1382 2708 1765 2775 gasteropodum
1798 2708 1900 2758 tubi
1936 2708 2224 2758 alimentarii
2256 2716 2459 2759 textina.

395 2805 439 2850 2.
496 2800 626 2850 Satis
670 2806 840 2849 notum
884 2805 983 2861 est,
1035 2797 1121 2847 fila
1154 2797 1447 2864 spermatica
1480 2814 1710 2849 ranarum
1745 2798 2044 2865 aliorumque
2078 2797 2358 2849 animalium
2393 2798 2444 2848 in
2479 2796 2654 2847 canali-

259 2892 377 2942 culis
413 2888 702 2941 seminiferis
737 2887 943 2938 testiculi
976 2887 1058 2938 vel
1090 2887 1143 2937 in
1177 2887 1363 2938 semine
1398 2904 1425 2937 e
1459 2887 1681 2940 testiculo
1716 2905 1890 2939 recens
1924 2904 2159 2955 expresso
2192 2889 2473 2950 immobilia,
2511 2889 2654 2937 certis

256 2989 446 3031 tantum
498 2978 857 3030 conditionibus
909 2978 1111 3028 moveri.
1162 2976 1458 3040 'Quaeritun
1507 2996 1626 3028 num
1675 2979 1821 3029 etiam
1863 2978 1947 3028 fila
1981 2979 2273 3045 spermatica
2306 2977 2654 3029 nonnullorum

258 3070 541 3122 animalium
575 3076 960 3130 crustaeeorum,
999 3085 1122 3134 quae
1157 3086 1361 3135 prorsus
1390 3068 1659 3119 immobilia
1693 3086 1800 3118 esse
1835 3069 1926 3118 viri
1959 3068 2090 3119 docti
2124 3080 2340 3130 censent,
2377 3069 2476 3119 ullo
2504 3069 2654 3118 modo

255 3162 444 3213 moveri
479 3159 702 3227 possint?
738 3159 894 3211 Simul
928 3159 1139 3210 evolutio
1172 3167 1222 3208 et
1255 3159 1477 3209 introitus
1513 3177 1681 3210 eorum
1715 3159 1767 3209 in
1802 3159 1947 3210 ovula
1980 3159 2348 3225 investigentur.
