2846 3588
1487 232 1525 275 4

317 370 370 420 in
418 367 530 421 loco
581 366 744 434 spurio
793 364 906 417 libri
947 366 1150 418 extremi
1184 366 1248 418 57
1283 366 1332 416 οἱ
1361 364 1597 430 δ’ἔσχοντο
1630 366 1781 432 φόβου
1810 366 2077 427 μεγάθυμοι
2108 363 2277 427 Ἀχαιοί
2281 403 2295 427 ,
2347 365 2428 431 qui
2462 365 2695 415 conflatus

319 465 395 508 est
427 475 489 509 ex
520 454 822 507 hemistichio
840 456 961 508 1³84
996 464 1046 507 et
1078 454 1293 507 clausula
1325 453 1626 521 pervulgata.
1679 452 1907 506 Ceterum
1940 470 2056 504 casu
2089 453 2251 504 evenit
2282 462 2336 505 ut
2369 455 2513 506 etiam
2547 456 2617 518 φύ
2630 458 2695 511 ζα

319 546 464 614 (quae
497 548 650 613 φόβου
683 546 935 609 κρυόεντος
963 547 1127 611 ἑταζοη
1161 564 1192 596 a
1222 553 1370 610 poeta
1403 544 1531 593 dicta
1565 544 1657 610 est)
1698 544 1751 594 in
1785 543 2008 610 Odyssea
2038 542 2230 607 legatur
2263 544 2315 592 ἐν
2349 545 2407 594 δὲ
2441 546 2563 601 Ζεὺς
2594 561 2693 605 τερ-

322 637 602 698 πικέραυνος
635 637 788 692 Φύζαν
821 638 954 699 ἐμοῖς
982 638 1185 697 ἑτάροισι
1219 637 1366 699 κακὴν
1396 636 1544 701 βάλεν
1579 637 1714 688 5269
1733 635 1815 700 qui
1838 652 2007 683 versus
2024 634 2214 698 repetiti
2235 644 2348 682 sunt
2375 638 2544 698 ,04383
2580 635 2694 683 Ilias

321 726 678 777 substantivum
706 726 862 777 sexies
896 726 1045 776 habet
1077 724 1244 792 (0366
1278 725 1410 791 apud
1436 724 1673 774 Seberum
1707 724 1899 792 excidit)
1933 730 1981 773 et
2015 723 2164 774 semel
2197 724 2486 792 adjectivum
2518 742 2588 789 φυ
2601 727 2693 781 ζα-

319 817 483 873 ιιινός
520 817 567 865 Ν
580 818 690 866 102.
761 814 861 865 Sed
908 814 961 864 in
1002 830 1280 881 pugnarum
1313 814 1714 878 descriptionibus
1749 830 1851 864 non
1884 813 2006 863 haec
2038 819 2228 863 tantum
2261 814 2413 864 verba
2448 831 2569 881 quae
2603 822 2694 864 tre-

322 905 491 973 pidam
523 913 574 956 et
604 904 918 972 praecipitem
949 904 1140 972 fugam,
1178 905 1267 955 sed
1300 921 1360 955 ea
1394 920 1583 971 quoque
1619 920 1769 970 quae
1803 905 2125 954 lentiorem
2158 921 2470 955 recessum
2505 906 2694 971 signi-

320 996 539 1060 ficant,
583 995 835 1062 proprium
865 994 1029 1046 locum
1063 996 1269 1046 habent:
1322 995 1450 1046 unde
1489 996 1739 1060 χάζομαι
1774 1002 1823 1044 et
1850 995 2057 1059 χωρὲω
2091 1002 2139 1045 et
2173 1012 2297 1060 quae
2332 1013 2442 1046 cum
2475 997 2532 1046 iis
2568 1014 2694 1045 com-

320 1086 480 1152 posita
512 1093 625 1135 sunt
657 1085 710 1133 in
727 1084 953 1153 Odyssea
986 1094 1068 1135 aut
1098 1102 1368 1160 numqumn
1399 1092 1650 1163 usurpata
1648 1093 1799 1157 sunt
1807 1093 1890 1162 aut
1905 1085 2171 1144 rarissime.
2226 1085 2370 1146 Quod
2388 1087 2500 1136 dicit
2516 1087 2692 1151 Papius

319 1176 372 1226 in
404 1175 558 1226 lexico
593 1192 773 1243 graeco
808 1174 899 1227 sub
933 1193 1056 1227 voce
1084 1178 1241 1243 χάζω,
1278 1177 1379 1245 ejus
1412 1175 1550 1225 verbi
1582 1175 1794 1225 medium
1828 1192 1976 1226 sensu
2010 1174 2212 1226 cedendi
2235 1193 2499 1242 numquam
2516 1177 2694 1227 dictum

318 1281 425 1317 esse
474 1265 548 1315 ιιι
549 1264 809 1334 Odyssea,
859 1265 939 1317 id
959 1265 1055 1317 de·
1048 1265 1278 1334 simplici
1318 1265 1526 1334 quidem
1545 1281 1715 1316 verum
1750 1270 1877 1329 est,
1909 1265 2043 1333 cujus
2076 1264 2192 1316 Ilia's
2225 1264 2516 1332 trigintatria
2547 1265 2695 1316 habet

318 1357 568 1424 exempla3
623 1356 712 1408 sed
763 1356 1085 1423 compositum
1136 1358 1243 1407 ἀνα
1250 1373 1287 1422 χ
1298 1359 1483 1420 άζομα
1496 1373 1513 1406 ι
1547 1356 1678 1422 quod
1709 1357 1783 1407 ιιι
1784 1356 1946 1407 Iliade
1980 1356 2215 1406 terdecies
2248 1357 2481 1421 positum,
2533 1357 2654 1406 bis
2642 1375 2693 1405 m

320 1448 595 1516 Odysseam
645 1446 781 1498 venit
829 1449 973 1512 ›7280
1006 1447 1104 1497 ἀλλ’
1140 1448 1527 1511 ἀναχασσάμενος
1559 1453 1697 1512 νῆχον
1731 1447 1864 1496 πάλιν
1908 1454 1956 1496 et
1989 1449 2088 1497 1197
2123 1447 2192 1502 ὥς
2221 1449 2356 1511 φάτ’·
2376 1448 2473 1510 ἐγὼ
2508 1449 2548 1495 δ’
2584 1448 2692 1495 ἀνα-

313 1539 615 1604 χασσάμενος
646 1537 778 1600 Ξίφος
809 1537 1099 1602 ἀργυρόηλον
1131 1539 1311 1601 κουλεῷ
1345 1538 1669 1602 ἐγκατέπηξα,
1720 1514 1987 1601 eodemque
2037 1538 2146 1587 loco
2197 1537 2440 1586 invenitur
2492 1539 2571 1586 ἅπ.
2606 1538 2692 1599 εἱρ.

316 1632 428 1679 ἀπο
432 1630 510 1695 χά
522 1631 557 1685 ζ
559 1646 587 1677 ο
592 1646 630 1692 μ
642 1645 698 1677 αι
741 1625 827 1693 (95
862 1627 959 1676 ἀλλ’
994 1628 1233 1692 ἀποχάζεο
1263 1628 1476 1694 βόθρου).
1549 1627 1702 1678 Simili
1735 1628 2049 1692 proportione
2084 1628 2306 1692 exempla
2350 1629 2487 1677 verbi
2516 1629 2694 1692 χωρὲω

317 1720 571 1771 distributa
605 1725 731 1780 sunt,
766 1725 820 1767 ut
851 1717 1086 1785 pleraque
1120 1719 1285 1768 omnia
1317 1718 1370 1768 in
1403 1718 1607 1768 Hiadem
1640 1718 1830 1782 cadant,
1868 1719 2104 1768 nonnulla
2136 1727 2302 1768 tamen
2334 1736 2424 1785 per
2442 1718 2691 1786 Odysseae

315 1812 533 1862 carmina
581 1825 754 1876 sparsa
802 1809 933 1858 hanc
982 1826 1157 1859 vocem
1207 1826 1516 1876 nequaquam
1564 1809 1639 1859 his
1690 1809 1867 1875 poetis*
1893 1810 2172 1859 inusitatam
2215 1810 2378 1859 fuisse
2408 1809 2691 1858 ostendant:

310 1902 523 1968 χωρέω
562 1901 690 1960 10,o
726 1899 1043 1965 ὑποχωρέω
1079 1901 1161 1960 6,0
1212 1899 1528 1965 ἀναχωρέω
1560 1901 1625 1948 12
1631 1900 1677 1962 ‚3
1730 1898 1785 1966 (p
1797 1900 1899 1951 453
1945 1900 2021 1949 τὸν
2055 1901 2098 1949 δ’
2132 1900 2447 1965 ἀναχωρήσας
2477 1899 2690 1964 προσέφη

315 1987 568 2057 πολύμητις
591 1986 841 2046 Ὀδυσσεύς
870 1990 966 2040 461
995 1993 1073 2039 νῦν
1089 1991 1150 2055 δή
1168 1991 1210 2038 σ’
1227 1990 1381 2039 ουκέτι
1416 1991 1536 2038 καλὰ
1570 1989 1678 2038 διὲκ
1701 1991 1930 2052 μεγάροιό
1963 2007 1993 2052 r
1993 1990 2089 2039 ’ὀίω
2124 1990 2195 2055 &qh
2214 1990 2535 2054 ἀναχωρήσειν
2548 1992 2691 2053 χ270

309 2085 575 2147 μνηστῆρες
604 2077 957 2144 δ’ἀνεχώρησαν
986 2080 1215 2142 μεγάροιο
1244 2079 1395 2143 μυχον
1427 2078 1520 2145 δέ).

515 2170 678 2231 Quum
709 2169 800 2219 has
835 2183 976 2234 quas
991 2170 1148 2219 adhuc
1182 2171 1407 2218 enarravi
1440 2170 1788 2235 discrepantias
1824 2188 1850 2218 e
1887 2172 2160 2219 diversitate
2177 2173 2407 2220 materiae
2424 2179 2565 2219 natas
2583 2187 2690 2218 esse

310 2267 547 2328 appareat
587 2268 711 2325 q'uae
751 2259 941 2326 utrique
984 2259 1186 2308 carmini
1221 2259 1436 2325 subjecta
1471 2267 1566 2321 est,
1619 2267 1721 2309 tum
1755 2277 1838 2309 eas
1874 2260 1937 2309 ad
1972 2277 2090 2325 quas
2125 2277 2256 2310 nunc
2289 2268 2485 2310 transeo
2521 2260 2691 2309 eadem

310 2351 499 2401 ratione
548 2349 867 2416 explicandas
911 2365 1021 2399 esse
1073 2348 1378 2399 concedetur.
1447 2350 1508 2399 In
1561 2365 1619 2399 eo
1672 2350 1884 2399 carmine
1926 2350 1978 2399 in
2013 2367 2107 2416 quo
2142 2350 2275 2401 nulla
2302 2352 2461 2418 justae
2494 2366 2688 2416 pugnae

308 2443 473 2539 imago
506 2439 1297 2507 pmp6niturraramoccasionem
1312 2440 1458 2490 fuisse
1476 2439 1715 2489 vocabula
1750 2441 1976 2504 πρόμος
2005 2447 2055 2489 et
2088 2442 2397 2506 πρόμαχος
2429 2439 2689 2489 adhibendi

307 2548 399 2597 per
453 2547 506 2580 se
548 2537 704 2595 patet.
776 2529 1016 2591 Quorum
1044 2530 1162 2579 illud
1210 2529 1332 2597 (7,1)
1382 2531 1433 2579 ιιι
1467 2530 1691 2598 Odyssea
1731 2531 1881 2580 semel
1923 2536 2179 2597 usurpatur
2219 2533 2246 2579 λ
2256 2533 2362 2581 493
2396 2530 2478 2579 ubi
2513 2530 2687 2578 Achilli

307 2620 489 2672 umbra
498 2614 693 2673 Ulixem
725 2618 787 2669 de
819 2619 966 2670 rebus
1000 2637 1032 2669 a
1063 2620 1162 2670 filio
1196 2621 1347 2687 gestis
1381 2627 1706 2686 percontatur,
1737 2622 1769 2686 ἢ
1804 2622 1933 2669 ἕπετ’
1960 2622 2015 2678 ἐς
2044 2623 2245 2685 πόλεμον
2279 2623 2464 2684 πρόμος
2492 2620 2694 2682 ἔμμεναι·

307 2711 368 2776 ἠὲ
400 2685 500 2760 ica}
512 2704 638 2773 οῧκίς
672 2709 767 2760 hoc
785 2708 884 2776 (35,
889 2711 940 2778 2)
973 2709 1051 2761 bis
1085 2710 1260 2776 legitur
1292 2710 1432 2762 0370
1468 2716 1532 2774 τῷ
1564 2712 1620 2761 κέ
1638 2730 1675 2774 μ
1677 2710 1824 2767 ’ἴδοις
1845 2713 2087 2772 πρώτοισιν
2105 2712 2175 2761 ἐνὶ
2192 2714 2469 2776 προμάχοισι
2494 2712 2686 2773 μιγέντα

309 2809 359 2852 et
407 2819 449 2850 ω
462 2800 586 2851 525
600 2799 667 2848 ἐν
712 2797 952 2850 δ’ἔπεσον
971 2802 1232 2866 προμάχοις
1257 2800 1474 2858 Ὀδυσεὺς
1504 2802 1582 2851 καὶ
1616 2802 1838 2865 φαίδιμος
1870 2803 1978 2858 υἱός.
2067 2802 2253 2854 Contra
2304 2801 2435 2868 quod
2484 2801 2686 2851 verbum

308 2888 645 2954 ἀριστεύειν
678 2888 836 2957 (18,1)
872 2888 1097 2958 Odyssea
1129 2908 1233 2940 non
1266 2891 1415 2941 habet
1447 2891 1542 2941 nisi
1575 2892 1721 2941 6652
1742 2889 1935 2957 (κοῦροι
1958 2894 2001 2940 δ’
2027 2891 2085 2941 οἳ
2090 2891 2207 2941 κατὰ
2226 2896 2375 2959 δῆμον
2393 2892 2684 2953 ἀριστεύουσι

307 2983 415 3031 καθ’
446 2964 616 3048 ἧμᾶς),“
646 2983 765 3030 ca's'u
796 2980 977 3029 factum
1002 2968 1188 3048 judic03
1223 2999 1342 3031 nam
1376 2982 1427 3031 id
1459 2999 1612 3075 aeque
1646 2983 1704 3031 iis
1740 2983 1968 3032 convenit
2001 2984 2083 3048 qui
2114 2984 2364 3033 nobilitate
2399 2982 2478 3029 vel
2513 2982 2683 3032 divitiis

305 3070 470 3146 atque
499 3071 558 3119 iis
590 3070 690 3136 qui
738 3070 916 3120 bellica
954 3071 1138 3121 virtute
1187 3072 1541 3138 praecellunt.
1555 3067 1734 3124 Unde
1764 3073 1908 3122 etiam
1942 3074 2210 3139 ἀριστῆες
2239 3075 2292 3123 ιιι
2320 3073 2550 3139 Odyssea
2580 3090 2684 3123 non

305 3142 419 3211 1·ῧὸ
442 3159 650 3225 (sexies)
682 3160 950 3212 adhibitum
984 3178 1279 3227 quamquam
1313 3163 1463 3213 multo
1497 3163 1691 3228 parcius
1728 3178 1875 3228 quam
1907 3163 1960 3212 in
1994 3152 2159 3213 Diade.
2208 3192 2275 3204 -
2326 3164 2401 3212 De
2438 3163 2554 3227 ἀλκή
2580 3163 2686 3229 jam
