2846 3588
1413 252 1478 297 13

258 391 389 456 quod
437 390 656 457 plerique
707 388 875 455 populi
913 388 1010 437 illic
1058 387 1241 438 bellum
1275 395 1503 455 gerentes
1536 388 1616 437 hic
1648 403 1822 454 pacem
1855 396 2057 457 agentes
2091 394 2455 458 proponuntur,
2508 387 2637 438 unde

255 481 324 530 illi
357 481 580 548 epithetis
614 481 679 528 ad
711 480 909 529 bellicas
943 480 1142 529 virtutes
1178 479 1509 544 spectantibus
1544 480 1708 529 ornari
1743 480 1922 544 solent,
1960 481 2012 530 hi
2044 481 2109 531 ad
2142 487 2272 531 artes
2306 496 2432 547 pace
2467 479 2635 530 cultas.

254 573 518 638 Ἐρίηρες
564 572 790 634 ἑταῖροι
842 571 973 637 quod
1021 570 1133 636 paci
1184 585 1336 635 aeque
1387 586 1446 619 ac
1488 569 1618 619 bello
1660 572 1890 621 convenit
1921 572 2110 638 utrique
2144 570 2346 620 carmini
2380 586 2639 620 commune

257 670 352 712 est:
398 663 644 728 ἐριήρης
673 660 824 728 (quod
857 661 1002 711 etiam
1036 677 1147 709 cum
1179 659 1341 716 ἀοιδός
1371 660 1693 726 compositum
1726 663 1868 713 a346
1902 660 2153 728 1962,471)
2186 661 2240 710 in
2271 660 2423 712 Iliade
2457 660 2638 726 septies

253 748 442 819 legitur,
476 752 528 801 in
567 750 791 820 Odyssea
824 750 983 802 decies
1018 749 1212 817 septies.
1265 750 1692 817 Δολιχήρετμος
1721 760 1770 803 et
1803 754 2164 819 φιλήρετμος
2191 750 2244 801 in
2275 750 2425 801 Iliade
2457 752 2639 802 frustm

257 844 424 910 quaeri
446 825 646 905 monui,
689 859 811 909 quae
847 849 960 892 sunt
1000 841 1277 891 Phaeacum
1311 842 1707 909 Taphiorumque
1742 843 1974 910 epitheta,
2009 844 2127 894 item
2162 842 2332 892 ναυσί
2334 843 2532 899 κλυτος
2555 844 2638 904 6,Ο

256 933 552 1000 (Phaeacum
587 940 635 982 et
667 933 986 995 Phoenicum,
1023 932 1176 982 altera
1209 932 1366 982 forma
1400 934 1793 991 ναυσίκλειτος
1822 934 1973 984 semel
2007 932 2149 1001 (22).
2204 931 2393 984 Contra
2426 933 2635 996 φιλοπτο-

254 1027 396 1088 λεμος
428 1025 705 1088 ταχύπωλος
751 1032 800 1072 et
842 1023 1014 1073 similia
1048 1023 1112 1071 ab
1148 1021 1372 1090 Odyssea
1403 1024 1563 1073 aliena
1596 1032 1721 1073 sunt.
1795 1026 2106 1073 Φιλοπτόλε
2111 1040 2210 1087 μοι
2252 1025 2364 1085 10,o
2401 1029 2637 1071 vocantur

254 1114 439 1164 Achaei
474 1113 677 1180 Trojani
709 1113 1040 1181 Myrmidones
1074 1111 1299 1178 Leleges,
1353 1114 1504 1176 semel
1555 1114 1715 1177 ἕταροι
1761 1116 1806 1164 Ψ
1817 1116 1864 1177 5,
1917 1115 2248 1180 ταχύπωλοι
2290 1114 2403 1176 11,o
2436 1111 2635 1174 Achaei,

254 1206 430 1256 Danai.
501 1204 606 1253 Nec
640 1204 815 1267 ἀνέρας
846 1205 1288 1268 ἱπποκορυστάς
1319 1205 1402 1268 5,Ο
1436 1204 1587 1256 habet
1621 1203 1858 1274 Odyssea.
1907 1204 2246 1269 Ἱππόδαμοι
2282 1204 2398 1267 45,3
2436 1202 2639 1270 Trojani

255 1297 418 1347 audire
464 1296 648 1357 solent,
702 1295 789 1344 sed
823 1295 1054 1362 quoniam
1075 1285 1182 1345 hoc
1213 1294 1292 1345 ad-
1312 1290 1530 1361 singulos
1548 1303 1759 1363 'quoque
1792 1296 1968 1347 heroas
2000 1295 2290 1346 translatum
2324 1301 2424 1356 est,
2476 1301 2553 1343 ter
2585 1293 2638 1341 in

256 1387 482 1455 Odyssea
533 1386 696 1435 locum
745 1385 930 1435 invenit
963 1403 993 1449 γ
1016 1388 1074 1435 17
1111 1383 1328 1452 (Nestor)
1360 1403 1391 1449 γ
1413 1389 1502 1437 181
1544 1383 1845 1454 (Diomedes)
1880 1389 1906 1436 λ
1924 1389 2020 1437 300
2054 1384 2285 1453 (Castor).
2356 1385 2402 1435 X
2405 1385 2636 1447 αλκοχί-

256 1495 441 1534 τωνες
472 1477 602 1543 quod
635 1476 751 1526 Ilias
784 1476 944 1525 tricies
980 1476 1131 1525 semel
1163 1476 1334 1538 habet,
1379 1476 1455 1527 bis
1488 1477 1541 1526 in
1577 1476 1851 1545 Odysseam
1884 1478 2016 1527 venit
2037 1476 2109 1543 (α
2128 1479 2227 1527 286
2271 1476 2421 1526 δ496
2451 1475 2637 1541 Ἄχαιιῖιν

249 1569 606 1633 χαλκοχιτώνων
619 1567 652 1635 ).
743 1566 898 1630 Ἀγέρ
908 1585 949 1614 ω
952 1584 1046 1631 χοι
1084 1569 1161 1629 7,1
1218 1567 1469 1634 quinquies
1524 1554 1752 1635 Trojanis
1812 1569 1960 1617 semel
2009 1568 2179 1636 Mysiis
2231 1566 2383 1617 semel
2432 1566 2635 1617 Rhodiis

254 1659 555 1725 appositum,
610 1657 760 1708 semel
793 1658 820 1706 λ
838 1659 936 1708 285
971 1658 1309 1722 Περικλύμενόν
1344 1660 1379 1707 τ’
1415 1659 1674 1725 ἀγέρωχον.
1745 1659 1843 1710 Sed
1877 1659 2104 1726 quoniam
2137 1658 2392 1708 nationum
2425 1674 2550 1724 quae
2584 1658 2636 1707 in

252 1750 403 1799 Iliade
454 1750 780 1810 nominantur,
832 1747 983 1797 multo
1035 1748 1190 1814 major
1239 1766 1467 1799 numerus
1519 1758 1616 1813 est,
1669 1751 1722 1799 in
1763 1768 1821 1800 eo
1867 1750 2077 1799 carmine
2113 1749 2260 1798 etiam
2294 1748 2389 1797 alia
2423 1748 2638 1814 epitheta

253 1840 443 1906 saepius
496 1838 681 1888 adscita
731 1854 838 1887 esse
887 1837 996 1903 ipsa
1037 1854 1117 1888 res
1168 1838 1275 1888 fert.
1352 1840 1483 1890 Hinc
1525 1840 1823 1897 ἑλίκωπες
1859 1839 2064 1904 Ἀχαιοί
2100 1857 2204 1889 non
2245 1838 2422 1904 legitur
2454 1838 2549 1887 nisi
2582 1838 2635 1887 in

252 1930 404 1980 Iliade
441 1931 522 1993 6,o
539 1928 603 1997 ³¹⁸),
658 1928 1148 1994 καρηκομόωντες
1175 1927 1388 1997 Ἀχαιοί
1413 1929 1510 1979 illic
1543 1930 1692 1980 vicies
1725 1930 1896 1993 sexies,
1931 1930 1982 1979 in
2017 1928 2242 1998 Odyssea
2275 1936 2446 1995 quater
2478 1926 2636 1994 (prae-

251 2030 385 2070 terea
417 2038 457 2069 κ.
493 2023 667 2084 ἑταζοοι
698 2018 870 2087 β408)
919 2019 1281 2085 ἐυκνήμιδες
1309 2020 1473 2086 paullo
1510 2022 1716 2087 saepius.
1787 2020 1929 2071 Addo
1962 2020 2195 2070 urbium
2229 2025 2288 2068 et
2320 2018 2635 2085 regionum

252 2112 544 2178 epitheta,
599 2127 723 2177 quae
774 2109 946 2159 eadem
998 2109 1057 2158 de
1111 2126 1259 2160 causa
1308 2110 1360 2160 in
1393 2111 1544 2161 Iliade
1596 2111 1744 2177 longe
1787 2111 2109 2177 frequentiora
2150 2116 2277 2159 sunt.
2347 2109 2408 2158 In
2459 2108 2634 2159 horum

251 2218 454 2253 numero
507 2209 581 2251 est
632 2202 844 2257 ζάθεοι·
876 2201 958 2262 7,o
1009 2200 1140 2266 quod
1172 2200 1417 2252 Homerus
1461 2220 1727 2268 numquam
1767 2220 1869 2252 non
1912 2219 2020 2251 cum
2053 2200 2245 2250 urbium
2279 2198 2360 2249 vel
2394 2207 2635 2249 terrarum

252 2290 527 2342 nominibus
562 2289 832 2356 conjungit,
886 2289 1182 2355 ἐριβῶλαέ
1216 2292 1325 2352 15,1
1373 2291 1655 2358 ἐρίβωλος
1692 2294 1798 2354 6,1;
1852 2308 1973 2356 quae
2008 2299 2320 2355 apponuntur
2354 2290 2635 2355 nominibus

256 2380 392 2445 Τροίη
446 2380 564 2445 Φθίη
611 2381 761 2446 Τάρνη
818 2379 976 2445 Θρῄκη
1026 2380 1219 2446 Παιονίη
1262 2389 1352 2431 etc.
1405 2382 1493 2431 sed
1543 2382 1688 2431 etiam
1738 2382 1961 2448 ἐρίβωλον
2010 2380 2218 2443 ἄρουραν
2272 2381 2311 2427 Φ
2328 2381 2441 2428 232.
2512 2378 2637 2428 Loci

251 2470 502 2539 Odysseae
538 2478 651 2520 sunt
685 2488 712 2519 ε
731 2474 794 2520 34
839 2470 1056 2537 (Σχερίην
1090 2471 1337 2540 ἐρίβωλον)
1372 2479 1421 2522 et
1455 2489 1479 2522 ν
1494 2475 1591 2523 235
1626 2472 1761 2539 (ἀκτή
1794 2501 1862 2508 -
1896 2472 2186 2539 ἐριβώλακος
2213 2469 2463 2538 ἠπείροιο).
2537 2468 2637 2520 Sed

250 2562 372 2610 haec
411 2562 615 2611 materia
655 2569 757 2611 tam
796 2561 936 2627 larga
987 2568 1061 2610 est
1110 2568 1163 2611 ut
1213 2578 1276 2611 ne
1327 2579 1460 2613 nunc
1511 2563 1703 2629 quidem
1750 2562 1986 2613 exhauriri
2027 2561 2197 2628 possit,
2250 2560 2381 2611 unde
2417 2577 2478 2610 ea
2511 2577 2634 2625 quae

248 2658 435 2702 restant
466 2651 519 2701 in
554 2651 699 2702 aliam
734 2651 1146 2718 opportunitatem
1181 2650 1446 2703 differenda
1481 2662 1607 2704 sunt.

417 2914 465 2969 ³¹⁸)
496 2913 743 2963 ἑλικώπιδα
773 2911 931 2974 κούρην
958 2919 1010 2961 Λ
1020 2915 1086 2961 98.

1162 3090 1719 3166 ew
