2846 3588
947 1087 1811 1188 Dissertationis

348 1257 443 1316 de
477 1258 854 1317 vocabulis
888 1258 1313 1318 Homericis
1345 1272 1538 1331 quae
1570 1258 1649 1317 in
1682 1259 2043 1318 alterutro
2078 1260 2407 1320 camme

1057 1374 1207 1417 non
1237 1362 1710 1419 inveniuntur

1166 1501 1317 1552 Pars
1364 1500 1588 1552 alters.

196 1770 349 1853 Quod
390 1794 441 1844 in
484 1795 644 1861 priore
694 1795 833 1863 hujus
886 1795 1233 1846 dissertationis
1275 1802 1414 1862 parte
1455 1797 1712 1863 proposui,
1765 1815 1866 1847 non
1907 1796 2139 1847 orationis
2173 1796 2264 1847 sed
2296 1795 2566 1863 arg-umenti

196 1891 369 1934 natura
419 1886 643 1937 effectum
676 1903 784 1937 esse
830 1892 883 1936 ut
922 1885 1163 1951 permulta
1194 1885 1247 1935 in
1279 1885 1434 1937 altero
1468 1886 1682 1937 carmine
1715 1886 1975 1938 Homerico
2009 1887 2294 1954 saepissime
2326 1886 2379 1936 in
2412 1885 2564 1937 altero

194 1993 459 2042 numquam
511 1976 760 2043 legantur:
811 1976 862 2026 id
902 1976 1068 2027 nescio
1109 1994 1174 2027 au
1213 1975 1359 2027 nullis
1392 1976 1642 2027 vocabulis
1692 1977 1976 2028 luculentius
2009 1976 2296 2027 ostendatur
2329 1993 2475 2043 quam
2507 1975 2566 2026 iis

196 2083 343 2131 quae
377 2067 653 2133 fugiendi
687 2068 1003 2117 notionem
1035 2067 1278 2117 habent.
1348 2067 1393 2116 E
1430 2068 1603 2134 quibus
1637 2069 1879 2133 φεύγειν
1913 2075 1961 2117 et
1993 2070 2147 2132 φυγή
2182 2085 2388 2134 quorum
2421 2067 2566 2134 signi-

192 2157 351 2207 ficatio
384 2157 614 2208 latissime
648 2166 803 2225 patet,
855 2158 1042 2225 utrique
1078 2159 1282 2208 carmini
1315 2159 1592 2209 communia
1624 2166 1759 2209 sunt:
1811 2175 1927 2208 nam
1960 2167 2008 2208 et
2040 2158 2101 2207 de
2134 2158 2193 2208 iis
2229 2158 2452 2209 dicuntur
2484 2158 2565 2223 qui

191 2255 399 2299 mortem
433 2248 666 2315 effugiunt
698 2256 747 2299 et
780 2248 840 2298 de
873 2248 931 2298 iis
965 2248 1046 2315 qui
1080 2266 1108 2298 e
1142 2248 1369 2316 periculis
1403 2248 1615 2300 evadunt
1647 2248 1911 2300 incolumes
1945 2256 1994 2298 et
2027 2247 2088 2299 de
2121 2247 2342 2299 exulibus
2377 2248 2458 2314 qui
2480 2264 2564 2314 par

190 2340 332 2388 triam
363 2339 653 2405 relinquunt.
724 2339 910 2390 Contra
943 2340 1240 2405 φέβεσθαι
1274 2341 1594 2405 φοβεῖσθαι
1626 2341 1811 2406 φόβος
1841 2357 1988 2405 quum
2019 2339 2077 2389 iis
2109 2339 2415 2406 potissimum
2450 2356 2564 2388 con·

191 2430 388 2480 veniant
422 2429 515 2495 qui?
536 2430 599 2480 ab
635 2430 795 2497 aliquo
828 2437 1150 2497 persequente
1182 2430 1236 2479 in
1267 2430 1436 2497 fugam
1467 2437 1690 2498 aguntur,
1725 2430 1777 2480 in
1800 2429 1951 2480 Iliade
1984 2429 2252 2480 sexcenties
2287 2429 2416 2478 dicta
2451 2437 2564 2479 sunt

191 2529 240 2570 et
271 2520 333 2573 de
368 2519 568 2586 sing-ulis
604 2528 652 2569 et
684 2519 745 2569 de
780 2519 1066 2572 exercitibus
1100 2519 1182 2586 qui
1215 2519 1454 2571 victorum
1484 2519 1766 2570 irruentium
1798 2520 2031 2585 impetum
2064 2518 2301 2569 sustinere
2328 2537 2434 2569 non
2450 2537 2560 2583 pos-

190 2619 323 2663 sunt:
360 2628 453 2659 nec
485 2627 604 2659 vero
637 2611 811 2659 mirum
845 2620 921 2660 est
951 2612 1043 2660 has
1076 2628 1223 2660 voces
1256 2611 1309 2659 in
1341 2629 1616 2678 pugnarum
1649 2611 2048 2676 descriptionibus
2074 2609 2479 2660 celebratissimae
2507 2611 2557 2657 in

190 2698 413 2766 Odyssea
462 2701 543 2750 vix
593 2718 806 2768 unquam
856 2702 1094 2752 adhibitas
1146 2717 1268 2751 esse.
1337 2701 1405 2751 Et
1456 2702 1688 2769 φέβεσθαι
1739 2701 1932 2766 quidem
1982 2701 2115 2767 quod
2163 2700 2281 2749 Ilias
2331 2699 2558 2749 undecies

188 2789 350 2853 habet,
403 2791 554 2842 semel
591 2791 772 2843 dictum
813 2800 888 2842 est
929 2792 990 2843 de
1024 2792 1185 2861 procis
1218 2808 1308 2861 per
1342 2808 1513 2843 oecum
1546 2791 1674 2844 Ulixi
1705 2790 2058 2858 trepidantibus
2094 2808 2217 2860 quos
2252 2808 2361 2841 cum
2392 2790 2554 2839 vaccis

187 2887 333 2947 poeta
383 2893 633 2951 comparat
679 2885 813 2950 1299
863 2885 910 2934 οἱ
948 2886 992 2934 δ’
1034 2885 1264 2954 ἐφέβοντο
1296 2885 1416 2936 κατὰ
1444 2883 1652 2949 μέγαρον
1683 2883 1805 2952 βόες·
1835 2885 1905 2942 ὡς
1935 2884 2175 2947 ἀγελαῖαι,
2226 2890 2274 2933 et
2305 2882 2557 2950 φοβεῖσθαι

188 2973 319 3038 cujus
369 2973 421 3022 in
454 2974 604 3027 Iliade
653 2975 852 3042 triginta
902 2976 1112 3043 quinque
1156 2976 1378 3042 exempla
1411 2982 1523 3027 sunt
1554 2973 1707 3025 semel
1739 2973 1801 3025 de
1837 2975 2040 3027 canibus
2076 2993 2195 3041 quos
2228 2974 2292 3023 ab
2326 2972 2470 3026 Ulixe
2504 2975 2555 3024 in

188 3063 463 3122 mendicum
503 3067 848 3118 transformato
898 3066 1115 3132 lapidum
1140 3065 1273 3132 jactu
1308 3064 1502 3131 depellit
1533 3063 1778 3116 Eumaeus
1814 3066 1958 3117 ⁷:163
1992 3067 2234 3129 κνυζηθμῷ
2266 3065 2308 3112 δ’
2345 3064 2554 3127 ἑτέρωσε

187 3159 265 3206 διὰ
299 3159 521 3218 σταθμοῖο
554 3159 789 3223 φόβηθενς
843 3159 993 3223 φόβος
1039 3166 1199 3207 autem
1248 3155 1300 3205 in
1331 3154 1483 3206 Iliade
1516 3155 1939 3223 undequadragiens
1973 3155 2182 3227 positum
2214 3173 2318 3204 non
2352 3154 2554 3221 88111ιῇ
