2846 3588
1441 235 1500 278 11

286 378 511 435 πάλυνον,
564 391 709 440 quem
751 373 932 425 exitum
970 373 1069 423 duo
1105 371 1357 440 Odysseae
1391 387 1562 420 versus
1597 370 1782 420 habent
1816 373 1842 419 λ
1859 374 1923 421 28
1958 373 1988 426 Ε
2002 372 2100 439 77).
2170 371 2262 421 His
2297 370 2525 421 omnibus
2558 387 2665 436 per-

283 466 450 534 pensis
501 481 594 514 nec
642 464 693 513 id
732 464 910 530 opinor
948 462 1169 513 mirabile
1208 459 1451 510 videbitur
1484 460 1615 527 quod
1648 460 1828 525 ἐσθής
1856 459 1908 508 in
1942 459 2165 528 Odyssea
2197 462 2452 528 quinquies
2486 461 2662 520 decies,

282 557 336 607 in
351 555 504 608 Iliade
537 572 802 621 numquam
836 554 1048 620 positum
1079 559 1177 616 est3
1212 568 1330 601 nam
1362 551 1509 600 etiam
1542 551 1681 618 hujus
1715 549 1941 600 vocabuli
1974 550 2105 616 quod
2137 559 2237 601 tam
2252 552 2348 603 late
2365 559 2502 619 patet
2518 567 2666 618 quam

282 648 486 699 latinum
535 646 710 706 vestis,
760 644 813 694 in
863 643 1189 710 descriptione
1229 641 1301 691 rei
1336 641 1628 691 domesticae
1661 639 1887 707 proprius
1920 640 2057 691 locus
2092 650 2179 691 est.
2250 642 2478 693 Ceterum
2511 642 2668 692 altera

283 741 443 790 forma
476 737 656 794 ἔσθος
684 744 759 786 est
790 736 843 787 in
877 742 1094 785 extremo
1126 732 1252 783 libro
1284 732 1448 783 Iliadis
1486 732 1548 783 de
1580 732 1855 783 velamento
1891 751 1988 800 quo
2024 733 2196 783 Thetis
2231 744 2375 799 caput
2407 736 2565 801 operit
2599 738 2665 786 94

287 833 370 881 τοῦ
404 830 447 878 δ’
482 828 580 878 οὔτι
610 828 895 890 μελάντερον
928 824 1099 875 ἔπλετο
1133 823 1289 879 ἔσθος.
1340 822 1417 873 Ac
1447 823 1529 873 vel
1563 840 1650 872 eae
1681 841 1831 874 voces
1865 841 1990 890 quae
2021 824 2240 890 singulas
2257 826 2461 875 vestium
2478 826 2666 892 species

284 920 525 980 indicant,
594 918 647 967 in
695 917 847 967 Iliade
906 932 1049 969 rarae
1100 922 1214 965 sunt
1263 914 1484 980 quamvis
1535 913 1738 964 heroum
1787 915 1986 965 vestitus
2038 915 2293 981 aliquoties
2344 916 2664 966 describatur:

283 1013 496 1076 χλαῖνα
530 1010 644 1070 8,52
698 1013 888 1071 φᾶρος
919 1008 1035 1070 636
1081 1010 1265 1071 ῥῆγος
1295 1008 1409 1066 2,12
1462 1003 1619 1071 (1657
1668 1005 1795 1053 κώεά
1845 1022 1897 1054 τε
1938 1007 2091 1071 ῥῆγός
2138 1023 2187 1054 τε
2229 1007 2369 1055 λίνοίο
2411 1024 2462 1054 τε
2504 1009 2667 1055 λεπτὸν

288 1101 455 1162 ἄωτον,
499 1098 704 1148 alterum
738 1099 894 1149 2644
921 1099 1027 1165 jam
1060 1113 1209 1162 supra
1239 1097 1407 1147 monui
1440 1113 1501 1145 ex
1535 1097 1569 1143 δ
1584 1097 1680 1144 297
1716 1094 1987 1145 desumtum
2021 1097 2164 1164 esse).
2234 1098 2405 1163 Neque
2439 1102 2590 1154 κῶας·
2617 1098 2667 1146 in

288 1190 439 1241 Iliade
487 1189 664 1255 legitur
707 1196 902 1254 praeter
933 1187 1096 1237 locum
1129 1204 1190 1236 ex
1224 1204 1359 1236 nono
1393 1185 1519 1235 libro
1552 1185 1700 1234 modo
1734 1184 1954 1245 allatum,
2007 1195 2180 1236 contra
2212 1188 2264 1235 in
2299 1187 2522 1255 Odyssea
2556 1188 2669 1237 duo-

290 1280 465 1341 decies,
517 1295 635 1326 nam
684 1277 825 1326 toties
876 1277 993 1343 pelli
1041 1277 1216 1326 villosa
1262 1276 1410 1325 sellae
1450 1275 1529 1324 vel
1572 1274 1746 1323 cubilia
1790 1284 2081 1325 sternuntur.
2152 1277 2229 1325 Ac
2262 1279 2427 1327 nescio
2462 1295 2527 1326 an
2561 1278 2670 1326 huic

291 1369 459 1437 generi
512 1367 888 1417 adscribendmn
935 1367 998 1437 sit
1042 1373 1245 1434 χρῆμα
1298 1366 1430 1432 quod
1475 1364 1641 1414 omnia
1690 1364 1820 1414 bona
1869 1366 2042 1431 quibus
2108 1367 2288 1416 utimur
2357 1368 2671 1434 comprehen-

289 1461 380 1523 dit3
433 1477 550 1508 nam
591 1458 643 1507 id
676 1474 868 1524 quoque
901 1458 954 1507 in
988 1457 1214 1526 Odyssea
1246 1456 1353 1507 sola
1385 1456 1630 1506 invenitur
1662 1454 1831 1522 (Qu).
1899 1457 2081 1506 Fateor
2115 1457 2212 1507 hoc
2246 1459 2468 1508 mirabile
2500 1459 2667 1519 videri,

289 1549 577 1617 praesertim
627 1565 776 1613 quum
826 1548 1129 1598 substantiva
1171 1564 1203 1597 a
1243 1549 1438 1610 κτάομαι
1480 1546 1625 1596 ducta
1657 1547 1709 1596 in
1741 1547 1891 1596 Iliade
1925 1564 2026 1597 non
2061 1548 2129 1597 ita
2162 1567 2276 1598 rara
2309 1550 2430 1599 sint:
2484 1556 2671 1615 κτῆμα

294 1642 442 1700 19,42
486 1639 697 1687 κτὲατα
731 1639 850 1698 5‚10
899 1643 1098 1702 κτῆσις
1129 1638 1234 1698 6‚5;
1284 1653 1378 1685 nec
1428 1644 1593 1685 tamen
1644 1635 1996 1693 obliviscamur,
2047 1646 2283 1702 quantum
2323 1639 2376 1687 in
2417 1641 2491 1688 his
2525 1641 2670 1688 rebus

272 1717 423 1777 'casui
455 1727 763 1778 tribuendum
797 1727 870 1776 sit.

494 1999 694 2049 Praeter
739 2016 901 2049 rerum
952 2007 1001 2049 et
1050 1990 1270 2049 locorum
1309 1999 1371 2049 de
1394 2011 1512 2065 'qua
1552 1998 1710 2048 adhuc
1746 1999 1945 2048 diximus
1980 1999 2309 2049 diversitatem
2344 2002 2541 2051 divers
2555 2002 2670 2050 itas

291 2107 686 2155 personarum
736 2090 1004 2156 spectanda
1055 2097 1151 2151 est,
1206 2105 1330 2155 quae
1381 2089 1557 2139 multas
1610 2088 1957 2154 discrepantiae
1999 2088 2126 2137 inter
2167 2097 2421 2156 utrumque
2473 2107 2670 2140 carmen

294 2196 465 2230 causas
517 2179 687 2230 attulit.
759 2180 870 2241 Qua
916 2180 968 2229 in
1018 2195 1071 2228 re
1113 2179 1164 2229 id
1203 2180 1468 2229 maximum
1507 2186 1806 2228 momentum
1846 2179 1957 2227 fecit
1991 2179 2122 2244 quod
2163 2179 2224 2228 in
2260 2180 2448 2229 Iliade
2493 2181 2573 2230 dii
2614 2190 2671 2230 et

292 2269 474 2320 multo
509 2269 713 2336 plures
746 2269 1103 2321 inducuntur
1136 2276 1194 2319 et
1226 2270 1409 2320 multo
1445 2269 1708 2335 saepius3
1750 2268 1878 2318 unde
1913 2268 2057 2318 etiam
2091 2269 2293 2319 deorum
2328 2271 2539 2336 epitheta
2572 2271 2670 2320 illic

291 2359 443 2413 multo
493 2360 634 2426 plura
683 2359 988 2410 adhibentur.
1058 2359 1203 2411 Velut
1235 2360 1272 2411 J
1278 2360 1495 2411 unonis
1541 2376 1665 2425 quae
1698 2359 1749 2408 in
1782 2359 1932 2409 Iliade
1966 2360 2104 2424 quasi
2137 2360 2320 2426 primas
2354 2369 2520 2426 partes
2555 2362 2670 2428 agit,

291 2452 344 2500 in
379 2450 604 2518 Odyssea
653 2459 728 2500 ter
772 2459 961 2500 tantum
994 2452 1046 2500 in
1079 2459 1360 2501 transcursu
1393 2451 1574 2501 mentio
1607 2451 1734 2500 facta
1766 2458 1861 2499 est:
1906 2451 1938 2498 ὃ
1952 2450 2051 2499 513
2086 2453 2248 2500 σάωσε
2281 2453 2340 2500 δὲ
2373 2453 2538 2500 πότνια
2560 2453 2671 2518 Ἥρη

292 2541 737 2607 (Agamemnonem
772 2541 970 2591 domum
1004 2542 1337 2609 navigantem)
1387 2543 1414 2589 λ
1431 2543 1529 2591 603
1564 2541 1645 2606 qui
1678 2557 1738 2589 ex
1770 2540 2032 2604 theogonia
2064 2541 2312 2590 Hesiodea
2345 2545 2445 2592 952
2480 2544 2673 2607 irrepsit

293 2618 460 2696 (παῖδα
477 2632 582 2688 Διὸς
607 2633 837 2696 μεγάλοιο
862 2633 941 2680 καὶ
962 2632 1102 2698 Ἥρης
1127 2633 1470 2697 χρυσοπεδίλου
1502 2659 1569 2666 -
1593 2631 1652 2679 de
1685 2630 1826 2678 Hebe
1861 2647 2020 2678 sermo
2054 2631 2147 2697 est)
2177 2650 2215 2694 μ
2232 2636 2297 2681 72
2335 2632 2541 2697 denique
2577 2634 2673 2680 ἀλλ’

282 2721 394 2786 Ἥρη
429 2722 744 2789 παρέπεμψεν
778 2702 975 2789 (navem
999 2722 1157 2790 Argo)
1191 2722 1299 2771 ἐπεὶ
1332 2723 1462 2786 φίλος
1493 2722 1576 2787 ἦεν
1606 2719 1770 2786 Ἰήσων.
1833 2719 1962 2780 Quid
1995 2727 2070 2769 est
2101 2720 2249 2786 igitur
2283 2723 2413 2787 quod
2445 2722 2676 2771 miremur

293 2810 543 2876 epitheton
592 2813 815 2878 βοῶπις
860 2813 971 2862 huic
1013 2813 1133 2862 deae
1185 2813 1323 2878 quasi
1374 2811 1584 2877 quodam
1627 2809 1879 2875 privilegio
1913 2810 2195 2859 attributum
2228 2812 2281 2859 in
2316 2811 2537 2878 Odyssea
2570 2830 2675 2861 non

292 2898 423 2965 legi?
493 2900 622 2950 Nam
669 2910 864 2968 praeter
906 2902 1027 2951 duos
1067 2901 1205 2951 locos
1248 2918 1369 2968 quos
1404 2899 1708 2948 Aristarchus
1743 2897 1848 2946 aliis
1884 2897 1945 2946 de
1980 2899 2139 2949 causis
2173 2917 2263 2966 pro
2299 2900 2473 2965 spuriis
2507 2901 2677 2951 habuit

294 2988 359 3055 (Γ
370 2992 464 3038 144
501 2990 715 3057 Κλυμένη
733 3008 784 3041 τε
799 2993 994 3058 βοῶπις,
1012 2994 1053 3040 Σ
1065 2995 1132 3042 40
1165 2992 1216 3040 in
1233 2990 1456 3055 catologo
1474 2988 1736 3038 Nereidum
1763 2986 1878 3054 Ἁλίη
1915 3005 1967 3037 τε
1998 2990 2195 3056 βοῶπις)
2229 2990 2380 3038 semel
2397 2990 2457 3039 de
2470 2988 2677 3040 heroina

297 3079 475 3129 dictum
508 3087 584 3130 est
617 3082 662 3130 H
677 3084 739 3131 10
760 3082 1091 3145 Φυλομέδουσα
1123 3083 1316 3148 βοῶπις,
1350 3088 1400 3128 at
1433 3079 1495 3128 de
1524 3078 1721 3129 Junone
1758 3079 2137 3146 quatuordecies.
2188 3080 2314 3129 Item
2349 3083 2682 3147 ποδήνεμος

262 3226 264 3228 ,
297 3171 539 3221 constanti
589 3190 680 3222 usu
723 3172 874 3222 Iridi
925 3172 1201 3238 appositum
1234 3168 1411 3237 (109),
1462 3187 1612 3236 quam
1644 3169 1698 3221 in
1733 3170 1958 3238 Odyssea
1991 3189 2256 3238 numquam
2288 3171 2537 3222 inductam
2571 3191 2677 3222 esse
