2846 3588
1369 246 1397 291 7

197 394 395 437 timeum
424 392 524 447 est,
559 383 741 449 quippe
772 400 898 449 quae
931 398 1010 433 res
1043 381 1095 432 in
1129 399 1218 432 ora.
1248 381 1488 432 maritima
1519 388 1683 446 gestas
1717 389 1895 442 narret,
1930 398 2024 436 nec
2055 398 2175 430 vero
2210 381 2388 430 omnia.
2442 379 2569 428 Nam

198 477 329 544 quod
379 477 529 541 ἅλμη
562 472 684 540 (4,Ο)
732 481 782 523 et
830 472 1084 535 ἁλμυρὸν
1125 471 1281 533 ὕδωρ
1330 469 1451 538 (8‚o)
1504 471 1556 519 in
1590 469 1816 538 Odyssea
1849 470 1954 519 sola
1986 471 2290 537 ftequentata
2336 477 2470 530 sunt,
2519 470 2569 518 id

196 582 504 632 nequaqnam
553 578 670 614 casu
719 562 939 613 evenisse
982 561 1161 629 judico.
1214 559 1441 627 'Salsugo
1476 560 1607 611 enim
1640 575 1794 626 aquae
1828 559 2045 611 marinae
2077 578 2180 611 non
2213 569 2318 612 erat
2351 577 2437 611 cur
2471 576 2569 609 me-

195 663 465 707 met-aretur
511 655 565 705 in
611 670 671 704 eo
721 654 961 717 carmine,
1012 653 1067 703 in
1115 668 1214 719 quo
1260 659 1484 717 aspectus
1525 659 1712 701 tannim
1753 658 1804 701 et
1834 650 2052 701 &emitus
2085 652 2231 703 maris
2266 652 2566 712 desei-ibim,

195 761 463 813 numquam
495 751 658 795 autem
690 760 880 794 errores
913 741 1247 808 navigantium
1280 741 1363 807 qui
1394 740 1622 794 omnibus
1654 748 1811 791 terrae
1846 740 1990 791 bonis
2025 749 2206 792 carent.
2284 741 2472 793 Contra.
2504 741 2568 791 ad

196 834 558 903 depingendum
606 833 737 885 littus
787 833 856 884 nil
905 832 1061 899 magis
1104 831 1218 884 fauit
1258 849 1403 898 quam
1435 830 1663 897 strepitus
1696 831 1937 881 undarum
1969 830 2036 880 ad
2069 848 2272 881 arenam
2306 831 2564 892 allisam-um,

193 926 323 976 unde
356 926 789 991 πολύφλοισβον
820 924 1062 972 θάλασσαν
1102 930 1178 972 ter
1217 929 1354 972 tanto
1397 922 1603 988 amplius
1635 922 1688 971 in
1719 922 1869 972 Iliade
1904 922 2083 971 dictam
2115 922 2387 971 invenimus
2422 939 2566 987 quam

194 1017 247 1065 in
280 1015 507 1083 Odyssea
536 1013 679 1081 <6‚2).
750 1012 888 1074 Quae
938 1020 1101 1062 autem
1148 1011 1214 1061 ad
1263 1013 1639 1077 profunditatem
1671 1020 1720 1060 et
1752 1013 2128 1061 immensitatem
2161 1013 2308 1061 maris
2343 1012 2428 1060 alti
2460 1028 2566 1077 per-

192 1106 372 1167 tinent,
426 1105 479 1156 in
514 1103 738 1172 Odyssea.
779 1103 970 1169 saepius
1020 1103 1157 1168 tangi
1202 1103 1474 1168 argumenti
1517 1110 1690 1152 natura
1722 1103 1828 1152 fert.
1896 1103 2029 1152 Hine
2062 1104 2274 1165 λαῖτμα
2309 1102 2441 1168 quod
2472 1102 2567 1151 illic

192 1195 372 1260 septies
404 1194 592 1260 leg-itur,
626 1193 743 1244 Dias
776 1210 881 1243 non
912 1193 1060 1242 habet
1091 1191 1187 1241 nisi
1218 1192 1271 1241 in
1303 1209 1401 1241 una
1433 1192 1648 1242 clausula
1683 1194 1794 1249 ἁλὸς
1823 1193 1878 1249 ἐς
1891 1194 2020 1255 μέγα
2054 1194 2221 1254 λαῖτμα
2260 1194 2404 1243 T267
2441 1208 2564 1257 quae

192 1301 254 1334 ex
287 1286 418 1335 2323
468 1283 706 1335 translata
753 1291 850 1346 est;
902 1299 995 1332 nec
1046 1282 1238 1348 saepius
1278 1299 1424 1348 quam
1466 1282 1543 1333 bis
1579 1282 1829 1347 epitheton>
1858 1284 2182 1348 ἠεροειδής
2223 1283 2376 1332 Ψ744
2412 1280 2563 1348 (eujus

191 1374 396 1425 alterum
447 1374 693 1425 dimidium
742 1374 818 1422 ἐπ’
853 1373 1104 1439 ἠεροειδέα
1140 1373 1304 1423 πόντον
1354 1373 1469 1424 item
1520 1390 1580 1423 ex
1616 1372 1838 1441 Odyssea
1871 1373 2143 1425 desumtum
2178 1372 2272 1440 est)
2323 1382 2373 1422 et
2414 1373 2452 1422 E
2469 1375 2567 1421 770

191 1464 331 1515 ὅσσον
364 1464 656 1530 δ’ἠεραειδὲς
685 1464 804 1529 ἀνὴρ
838 1461 936 1513 ἴδεν
968 1464 1281 1527 ὀφθαλμοῖσιν.
1360 1463 1420 1513 In
1454 1462 1679 1531 Odyssea
1711 1464 1961 1528 ἠεροειὸής
1990 1463 2267 1530 quindecim
2300 1462 2420 1513 loeis
2453 1461 2567 1527 leg-i-

190 1559 283 1616 tur,
334 1572 438 1605 non
485 1553 633 1604 modo
684 1571 794 1604 cum
835 1552 1084 1604 vocabulis
1126 1552 1275 1604 maris
1318 1553 1405 1603 sed
1445 1552 1590 1603 etiam
1626 1571 1737 1604 eum
1770 1555 1932 1609 σκότος
1962 1561 2011 1604 et
2046 1554 2195 1619 πέτρη
2231 1553 2564 1619 conjunctum3

190 1642 343 1693 altera.
391 1651 553 1693 autem
601 1644 760 1693 forma.
800 1644 1041 1707 ἠερόεις
1078 1660 1202 1707 quae
1243 1651 1442 1716 propter
1472 1660 1644 1693 versus
1678 1643 1914 1692 rationem
1947 1661 2051 1693 non
2081 1643 2225 1692 facile
2260 1661 2369 1692 cum
2406 1645 2571 1697 πόντος

193 1733 425 1799 componi
456 1741 671 1799 poterat,
707 1731 908 1783 vocibus
943 1733 1085 1796 ζόφος
1113 1734 1194 1792 4,3
1233 1734 1447 1795 Τάρταρα
1485 1734 1595 1783 913
1632 1733 1834 1782 κέλευθα
1868 1736 1969 1783 υ64
2004 1733 2235 1784 attributa
2268 1741 2356 1783 est.
2428 1732 2566 1783 Cete-

189 1841 298 1876 rum
348 1841 614 1890 numquam
662 1822 1069 1886 obliviscendum,
1122 1840 1263 1876 usum
1303 1823 1651 1875 vocabulorum
1701 1824 1999 1890 aliquatenus
2042 1841 2074 1873 a
2107 1841 2226 1875 casu
2258 1823 2563 1890 pependisse,

190 1899 320 1964 unde
355 1914 595 1965 nonnulla.
626 1930 749 1980 quae
784 1930 845 1962 ex
875 1913 1152 1979 argumenti
1183 1921 1358 1969 natura
1383 1912 1632 1981 Odysseae
1666 1914 1926 1979 peculiaria
1941 1931 2049 1964 esse
2066 1914 2310 1980 conjicias,
2345 1914 2397 1963 in
2414 1914 2564 1963 Iliade

189 2004 335 2053 etiam
367 2004 695 2070 fiequentiora
728 2010 854 2066 sunt,
889 2003 1021 2052 velut
1050 2003 1267 2070 βένθος
1300 2005 1395 2067 6,5.

390 2093 474 2145 De
508 2100 824 2145 ventorum
856 2093 1140 2160 epithetis
1175 2095 1398 2160 ἀκραής
1426 2091 1491 2160 (0,
1497 2093 1548 2162 3)
1581 2110 1684 2144 non
1717 2094 1890 2161 legitur
1924 2094 2016 2145 nisi
2048 2094 2102 2145 in
2135 2093 2373 2162 Odyssea,
2411 2093 2561 2158 ἴκμε-

188 2197 290 2242 νος
332 2190 494 2236 autem
544 2181 665 2252 (1,4)
716 2183 867 2236 semel
914 2183 967 2235 in
1015 2183 1226 2251 primum
1258 2183 1421 2237 Iliadis
1461 2183 1640 2236 librum
1671 2184 1805 2235 venit
1854 2202 1963 2236 cum
2004 2183 2167 2237 multis
2209 2183 2315 2237 aliis
2357 2184 2420 2236 ad
2459 2202 2562 2237 rem

187 2273 414 2326 navalem
444 2258 814 2340 pertinentibus,
851 2275 912 2325 de
948 2293 1046 2342 qua
1072 2275 1393 2327 translatione
1426 2275 1544 2326 dixit
1564 2276 1857 2341 Hauptius
1890 2276 1943 2325 in
1965 2276 2304 2327 additamentis
2329 2277 2392 2326 ad
2407 2276 2562 2326 Lach-

186 2364 356 2416 mann-i
402 2364 581 2415 librum
630 2365 691 2415 de
724 2365 875 2416 Iliade
909 2383 958 2433 p.
978 2369 1058 2418 99.
1130 2365 1300 2428 Quae
1351 2366 1559 2417 insulis
1612 2367 2013 2418 attribuuntur
2055 2367 2158 2418 sive
2200 2369 2423 2418 omnibus
2458 2369 2561 2419 sive

187 2455 329 2506 certis
381 2454 690 2521 quibusdam,
746 2454 996 2523 Odysseae
1046 2457 1246 2523 propria
1294 2474 1404 2509 esse
1453 2457 1639 2519 omnia,
1700 2474 1848 2522 supra
1896 2459 2063 2510 monui
2114 2457 2447 2524 (εὐδείελος
2476 2462 2559 2519 0,7

187 2545 599 2610 ἀμφίαλοςιθῤ,
641 2546 973 2610 ἁμφίρυτος
1000 2547 1116 2615 0,4).
1185 2549 1362 2613 Λιμήν
1413 2547 1454 2597 si
1502 2547 1556 2597 in
1588 2546 1740 2596 Iliade
1773 2565 2038 2613 numquam
2070 2549 2380 2611 inveniretur,
2415 2566 2557 2599 nemo

184 2635 405 2699 profeeto
427 2665 429 2668 ·
449 2635 580 2691 inde.
612 2636 860 2702 colligeret
899 2637 996 2687 hoc
1029 2655 1211 2690 nomen
1243 2638 1336 2690 illis
1370 2637 1527 2704 poetis
1560 2638 1780 2703 ignotum
1813 2637 1981 2701 fiiisse3
2033 2639 2121 2689 sed
2154 2656 2273 2690 casu
2305 2640 2475 2689 accidit
2506 2650 2558 2690 ut

184 2723 320 2772 vocis
339 2725 405 2773 in
422 2724 648 2792 Odyssea
679 2726 838 2776 tricies
871 2727 948 2776 bis
980 2735 1240 2793 usurpatae
1273 2727 1421 2777 etiam
1452 2726 1549 2776 illic
1580 2727 1674 2776 tria
1706 2727 2007 2792 reperiantur
2041 2728 2286 2794 exempla3
2323 2746 2472 2777 unum
2504 2729 2556 2778 in

183 2812 327 2863 simili
359 2815 518 2865 11284
552 2817 637 2865 καί
666 2817 702 2866 τ’
737 2818 811 2881 ἐφ’
845 2817 960 2873 ἁλὸς
990 2819 1155 2884 πολιῆς
1182 2818 1371 2883 κέχυται
1406 2816 1526 2885 (nix)
1559 2818 1734 2881 λιμέσιν
1763 2834 1814 2866 τε
1848 2817 1926 2865 καὶ
1959 2818 2134 2878 ἀκταῖς,
2167 2819 2369 2868 alterum
2400 2819 2445 2866 Ψ
2456 2821 2557 2870 745

181 2902 267 2953 ubi
314 2912 641 2957 mereatomm
679 2906 980 2958 Phoenicum
1026 2907 1268 2962 maritima
1317 2924 1429 2957 cum
1462 2905 1665 2959 Graecis
1714 2908 2004 2957 commercia.
2052 2915 2313 2975 tanguntur
2362 2907 2558 2977 (στῆσαν

181 2994 279 3043 δ’ἐν
311 2995 566 3059 λιμένεσσι,
619 2998 779 3050 eoam
813 3000 872 3049 δὲ
905 3000 1058 3061 δωρον
1092 2997 1310 3067 ἔδωκαν),
1345 2999 1538 3049 tertium
1569 2999 1622 3049 in
1656 3016 1801 3049 versu
1832 2998 2068 3050 translato
2100 3002 2134 3049 Α
2152 3001 2249 3049 432
2284 2999 2361 3065 (z
2385 3019 2422 3051 π
2439 3003 2557 3070 324)

182 3086 231 3135 οἱ
260 3086 384 3136 δ’ὅτε
416 3087 478 3152 δὴ
512 3089 698 3151 λιμένος
726 3090 1042 3158 πολυβενθέος
1069 3090 1206 3145 ἐντὸς
1236 3091 1409 3150 ἱκόντο,
1468 3090 1527 3140 de
1579 3108 1675 3156 quo
1728 3091 1787 3139 cf.
1822 3091 2083 3156 Hauptium
2122 3090 2153 3137 l.
2189 3090 2220 3139 1.
2258 3093 2341 3159 qui
2376 3094 2557 3145 addidit

182 3193 276 3228 nec
308 3178 680 3246 πολυβενθής
709 3179 832 3249 (1,4)
864 3188 1056 3249 praeter
1088 3180 1218 3233 hunc
1249 3181 1412 3232 locum
1438 3181 1495 3230 ‘in
1528 3181 1679 3232 Iliade
1713 3180 1929 3231 inveniri.
