2846 3588
219 383 365 435 supra
413 369 591 419 monui·
630 369 729 435 ejus
750 367 1029 434 .÷epitheton
1077 368 1242 430 θοῦρις
1272 367 1426 418 madi
1445 367 1717 432 proprium
1756 384 1883 430 esseg
1934 370 2064 419 idem
2097 367 2229 418 valet
2262 366 2325 417 de
2358 364 2586 415 attributo

217 457 444 510 victoriae
468 460 790 523 ’ἑτεραλκής
807 456 940 524 ‹(6‚0)
963 455 1106 523 quod
1136 455 1383 508 Homerus
1414 457 1592 523 ubique
1621 466 1792 523 quarto
1820 475 1937 509 casu
1954 459 2113 524 posuit
2128 456 2408 524 (ἑτεραλκέα
2426 454 2583 521 νίκην).

417 699 742 792 Posteaquam
792 735 851 770 ea
899 720 1228 774 recensuimus
1269 736 1392 787 quae
1426 720 1491 770 ad
1522 736 1796 786 pugnarum
1830 720 2179 786 descriptiones
2213 720 2407 785 proprie
2441 716 2586 783 perti-

219 803 352 874 nent,
387 810 634 877 pergimus
659 810 722 860 ad
754 810 1040 860 vocabula
1070 809 1330 860 locorum
1362 810 1420 859 in
1455 809 1659 876 quibus
1694 811 1847 860 acies
1883 810 2228 859 dimicantes
2263 808 2584 873 confligere

215 882 357 953 fecit
389 902 694 964 Homerus,
730 901 862 958 velut
896 901 1056 951 πεδίον
1079 905 1257 967 -τεῖχος-ι
1273 902 1410 950 πύλαι
1445 902 1620 965 τάφρος
1640 910 1688 950 et
1713 901 1897 951 similia.
1952 901 2090 964 Quae
2109 918 2257 967 quum
2273 898 2406 948 nulla
2421 897 2584 947 Iliadis

216 994 399 1060 pagina
434 1010 537 1043 non
571 991 770 1055 habeat,
800 974 1010 1048 'alterius
1045 991 1270 1043 carminis
1304 1010 1485 1059 magna
1516 1008 1632 1064 pars
1665 991 1998 1057 pervolvenda
2031 999 2106 1041 est
2141 1000 2192 1041 ut
2224 1009 2375 1041 unum
2407 990 2485 1039 vel
2520 987 2585 1037 al-

217 1095 376 1149 terum
427 1100 596 1143 eorum
646 1083 733 1132 tibi
783 1062 1019 1132 occurrat.
1087 1083 1154 1132 Et
1204 1099 1261 1132 τε
1270 1085 1292 1130 ἴ
1287 1100 1390 1148 χος
1418 1081 1612 1149 quidem
1646 1082 1687 1131 si
1725 1091 1852 1131 recte
1886 1082 2141 1131 numeravi
2173 1100 2275 1131 non
2311 1082 2501 1148 saepius
2534 1083 2585 1131 in

219 1174 444 1243 Odyssea
476 1173 652 1242 legitur
686 1191 834 1241 quum
868 1173 1119 1241 quinquies
1153 1172 1345 1242 (quibus
1378 1173 1496 1223 locis
1532 1173 1767 1230 accedunt
1800 1173 1895 1223 duo
1930 1173 2155 1241 exempla
2183 1173 2378 1223 alterius
2401 1173 2585 1222 formae

219 1264 481 1334 τειχίον);
517 1266 684 1320 πύλαι
718 1271 878 1315 autem
911 1280 974 1314 ne
1005 1264 1156 1315 semel
1181 1263 1383 1335 ‚quidem
1415 1263 1723 1327 inveniretur,
1758 1264 1850 1314 nisi
1866 1271 1964 1315 tres
1981 1263 2438 1331 portaeinhistoria
2453 1264 2585 1314 fabu-

139 1396 142 1399 ,
215 1356 306 1405 lari
338 1357 480 1406 fictae
515 1363 1022 1417 commemorarentur,
1065 1371 1190 1422 quae
1224 1362 1339 1406 sunt
1372 1354 1671 1405 somniorum
1704 1357 1736 1403 ὃ
1750 1357 1847 1406 809
1883 1354 2026 1421 (quae
2062 1354 2242 1421 duplex
2275 1371 2383 1406 esse
2419 1355 2587 1405 dicitur

218 1446 393 1513 τ562),
431 1445 546 1496 Orci
581 1448 609 1501 ἔ
629 1447 721 1496 157
758 1443 859 1511 (qui
892 1446 1037 1496 etiam
1068 1445 1121 1496 in
1155 1444 1378 1513 Odyssea
1412 1446 1693 1510 πολάρτης
1723 1445 1852 1496 audit
1885 1447 2016 1496 λ276
2036 1442 2193 1512 [4,1]),
2231 1444 2345 1496 solis
2364 1445 2584 1511 denique,

214 1524 338 1601 quae
392 1536 582 1586 criticos
632 1545 888 1607 tantopere
939 1536 1150 1587 exercuit
1201 1556 1241 1586 ω
1254 1539 1329 1586 12.
1398 1534 1464 1586 At
1515 1534 1575 1585 de
1626 1544 1769 1600 porta
1809 1554 1903 1600 qua
1944 1535 2100 1586 aditus
2142 1536 2194 1585 in
2229 1535 2390 1586 aulam
2422 1536 2502 1585 vel
2535 1536 2585 1585 in

215 1628 386 1677 urbem
436 1637 571 1693 patet
612 1627 761 1676 πύλαῑ
791 1645 1056 1693 numquam
1097 1627 1148 1677 in
1184 1626 1406 1695 Odyssea
1437 1623 1683 1692 positum:¹
1722 1628 1886 1688 θύραι
1920 1637 2081 1675 autem
2116 1644 2241 1692 quae
2276 1636 2388 1676 sunt
2423 1627 2585 1676 domo-

216 1738 324 1768 rum
376 1702 521 1767 etiam
572 1718 763 1784 saepius
814 1718 908 1768 nisi
958 1718 1099 1769 fallor
1149 1736 1296 1786 quam
1344 1719 1395 1767 in
1435 1717 1601 1767 Iliade.
1680 1716 1842 1779 Quum
1873 1718 2017 1783 igitur
2048 1726 2222 1784 portae
2256 1718 2500 1767 moenium
2534 1719 2585 1766 in

215 1809 441 1877 Odyssea
474 1809 636 1859 nullae
671 1809 786 1872 sint,
841 1827 900 1859 eo
934 1810 1093 1860 minus
1127 1810 1303 1859 mirum
1336 1817 1431 1871 est,
1485 1810 1704 1873 γεφύρα
1738 1808 1857 1875 (7,Ο)
1906 1826 2062 1875 neque
2103 1810 2305 1875 proprio
2340 1826 2486 1858 sensu
2519 1810 2586 1858 ibi

212 1900 391 1950 dictum
442 1916 550 1950 esse
601 1917 758 1967 neque
810 1900 1157 1967 significatione
1208 1900 1350 1967 spatii
1398 1899 1525 1949 inter
1575 1899 1693 1951 duas
1745 1900 1885 1949 acies.
1969 1898 2134 1949 Etiam
2168 1901 2430 1965 γεφορόω
2462 1898 2585 1966 (2,Ο)

212 1989 352 2039 Iliadi
385 1989 649 2055 proprium.
721 1990 907 2041 Contra
941 2008 1081 2041 casus
1115 1991 1235 2054 tulit,
1271 1996 1324 2040 ut
1357 1991 1568 2052 πύργος
1597 1990 1728 2055 quod
1760 1990 1871 2040 Ilias
1907 1990 2195 2056 quadrag-ies
2229 1990 2306 2040 bis
2340 1990 2501 2052 habet,
2539 1998 2588 2038 et

211 2076 407 2143 proprie
460 2079 610 2129 semel
662 2079 897 2130 diceretur
948 2081 979 2135 ξ
993 2082 1089 2131 262
1132 2079 1283 2142 αὐτὰρ
1325 2080 1444 2144 ἐπὴν
1486 2080 1646 2135 πόλιος
1684 2080 1721 2127 τ’
1756 2079 2022 2145 ἐπιβείομεν
2054 2079 2113 2143 ἣν
2148 2079 2256 2142 πέρι
2292 2080 2486 2141 πύργος,
2539 2087 2587 2126 et

212 2171 363 2217 semel
396 2171 627 2219 translate
663 2175 795 2221 2555
831 2177 952 2227 τοῖος
981 2174 1072 2233 γάρ
1103 2180 1207 2235 σφιν
1242 2174 1420 2233 πύργος
1448 2173 1650 2219 ἀπώλεο.
1683 2172 1820 2219 Idem
1852 2166 1974 2219 liber
2007 2171 2102 2219 duo
2137 2173 2280 2224 ἅπαξ.
2315 2171 2402 2231 εἷρ.
2437 2163 2587 2220 habet

211 2277 240 2307 a
276 2261 455 2323 πύργος·
485 2260 627 2310 ducta
664 2264 760 2310 264
799 2263 1095 2325 πύργωσαν
1130 2264 1166 2309 τ’
1201 2261 1308 2310 ἐπεὶ
1341 2261 1398 2309 οὐ
1429 2262 1520 2324 μὲν
1554 2261 1880 2323 ἀπύργωτον
1913 2262 1953 2323 γ’
1989 2261 2214 2308 ἐδύναντο
2230 2262 2431 2323 Ναιέμεν
2448 2260 2585 2323 εύρύ-

205 2366 350 2414 χορον
389 2350 566 2417 θήβηνς
617 2351 704 2400 sed
753 2353 1038 2418 ποργηὸόν
1087 2351 1220 2418 quod
1271 2351 1331 2400 de
1383 2350 1656 2418 agminibus
1699 2351 1882 2418 stipatis
1924 2359 1998 2399 ter
2029 2359 2315 2416 usurpatum
2347 2351 2399 2398 in
2432 2350 2585 2399 Iliade

209 2440 261 2489 in
296 2439 520 2508 Odyssea
549 2458 665 2490 -non
701 2449 808 2492 erat
849 2442 932 2492 ubi
965 2449 1240 2509 poneretur.
1310 2441 1524 2492 Plurima
1555 2441 1699 2507 igitur
1732 2441 1825 2490 hoc
1858 2458 2027 2508 genus,
2064 2457 2187 2507 quae
2222 2441 2273 2490 in
2306 2440 2462 2490 Iliade
2497 2442 2586 2490 fre-

211 2537 588 2596 quentatasunt
621 2533 774 2581 semel
807 2533 887 2581 vel
919 2534 1091 2582 iterum
1123 2533 1270 2584 etiam
1301 2534 1356 2582 in
1388 2533 1591 2582 alterum
1623 2548 1819 2580 carmen
1853 2533 2036 2581 adscita
2069 2548 2177 2581 esse
2213 2540 2262 2581 et
2295 2533 2504 2581 vidimus
2539 2543 2585 2580 et

210 2621 493 2671 videbimus.
563 2622 701 2683 Quae
752 2623 875 2672 sicut
925 2640 1044 2674 casu
1093 2623 1196 2673 fieri
1236 2623 1393 2690 potuit
1431 2631 1483 2673 ut
1523 2622 1738 2688 pluribus
1778 2622 1897 2671 locis
1939 2622 2007 2672 ita
2038 2623 2143 2672 fieri
2176 2622 2334 2689 potuit
2368 2631 2420 2672 ut
2452 2622 2583 2672 nullo

207 2720 518 2774 ponerentur.

412 2813 526 2863 Non
576 2823 707 2864 esset
755 2815 972 2881 profecto
1014 2833 1103 2867 cur
1133 2817 1436 2879 miraremur,
1488 2816 1531 2866 si
1561 2816 1613 2864 in
1647 2814 1871 2883 Odyssea
1903 2832 2065 2882 neque
2101 2817 2315 2880 τάφρος
2341 2801 2586 2881 legeretur

207 2920 366 2969 neque
399 2906 703 2968 σκόλοπες,
754 2923 962 2972 quorum
999 2906 1136 2957 fflud-
1157 2907 1211 2957 in
1234 2907 1404 2957 Diade·
1433 2906 1591 2956 tricies
1625 2906 1780 2955 sexies
1815 2906 1910 2955 hoc
1944 2906 2096 2956 octies
2130 2907 2315 2973 legitur.
2403 2905 2504 2956 Sed
2538 2915 2586 2956 et

206 2995 301 3042 hoc
351 2995 504 3043 semel
531 2996 725 3046 dietum
769 3005 850 3046 est*
883 2997 945 3046 de
985 2998 1124 3048 vallis
1165 2999 1338 3065 quibus
1380 2998 1502 3047 muri
1534 2997 1810 3045 Phaeacum
1842 2997 2065 3048 instructi
2098 3004 2209 3047 sunt
2241 3015 2272 3062 η
2293 2999 2389 3046 145
2425 2998 2586 3063 τείχεα

204 3086 365 3146 μακρά
406 3083 583 3149 Ὗφηλὰ
623 3088 935 3136 πιολόπεσαν
983 3088 1216 3154 ἀρῃοότα,
1266 3092 1427 3151 θαῦμα
1452 3088 1669 3150 wewam
1722 3095 1772 3136 et
1811 3087 1930 3138 illud
1971 3088 2030 3137 de
2080 3088 2212 3136 fossa
2261 3103 2411 3152 quam
2446 3087 2586 3137 Tele-

205 3174 405 3223 machus
439 3188 531 3238 per
562 3176 894 3240 pavimentum
927 3178 1034 3227 oeci
1065 3177 1292 3228 ducitud
1320 3192 1515 3227 secures
1534 3177 1877 3243 impingendus
1894 3195 1927 3240 φ
1940 3180 2034 3226 120
2051 3181 2234 3238 πρῶτον
2246 3178 2339 3239 μὲν
2358 3178 2590 3233 πελέκεας
