2846 3588
1468 230 1504 275 8

497 362 565 415 In
599 366 834 416 navium
868 367 1152 433 epithetis
1176 367 1354 417 similis
1386 367 1510 418 ratio
1544 367 1728 417 obtinet
1760 373 1904 432 atque
1937 365 2545 429 in·.marisattributis‚2.ut
2563 387 2669 420 non

293 457 458 506 omnia
508 457 697 521 utrique
739 456 942 506 carmini
972 458 1291 519 conveniant,
1335 475 1451 507 nam
1478 457 1536 506 in
1570 456 1722 506 altero
1755 456 1922 505 maxia
1938 455 2187 508 sulcantes
2219 459 2272 509 in
2307 460 2472 519 altero
2491 459 2568 508 in
2563 467 2669 508 zter-

208 591 213 595 .
292 563 399 596 ram
433 545 699 596 subductae
730 563 887 597 naves
921 547 1204 613 plerumque
1239 547 1598 597 ostenduntur
1628 546 1730 598 Cur
1759 546 1906 613 igitur
1935 546 2177 608 κορωνίς
2210 550 2286 611 13,
2291 551 2321 599 2
2354 548 2493 599 Iliadi
2525 564 2667 614 pecu-

291 639 408 689 liare
462 639 543 701 sit,
596 638 794 688 minime
843 638 1105 687 obscum'm
1145 645 1243 686 est.
1316 636 1369 688 Si
1420 639 1551 688 enim
1597 637 1859 704 imag-inem
1895 635 2190 686 catinorum
2204 637 2515 690 Graecorum
2553 647 2667 688 ante

293 729 498 796 Trojam
532 729 676 779 nobis
709 724 1102 794 proposuerimus
1137 726 1415 792 ordinisque
1447 727 1573 778 illius
1608 745 1718 794 quo
1732 735 1898 793 poeta
1912 743 2081 776 naves
2094 727 2356 780 collocatas
2375 730 2500 792 fecit,
2531 729 2668 779 nulla

292 820 394 887 ejus
435 820 661 886 imaginis
699 836 814 884 pars
848 817 1005 883 magis
1038 817 1090 865 in
1123 816 1291 867 oculos
1323 818 1597 881 incurrerit,
1650 834 1805 885 quam<
1827 817 2063 884 puppium
2095 818 2147 867 in
2179 820 2371 870 terram,
2393 820 2665 887 prominen-

290 911 412 960 tium
446 918 744 959 curvaturae.
814 908 945 957 Hinc
978 908 1120 957 toties
1153 907 1236 956 illa
1269 908 1475 957 formula
1509 910 1562 957 ἐν
1596 909 1694 959 vel·
1712 909 1843 972 παρὰ
1875 909 2025 973 νηυσὶ-Υ
2040 909 2279 971 κορωνίσιν
2312 909 2425 977 (alio
2444 927 2559 960 casu
2573 910 2667 960 hoc

293 1001 580 1068 adjectivum
615 999 679 1049 ab
713 999 934 1049 Homero
969 1016 1072 1049 non
1105 998 1343 1066 positum)
1378 1014 1502 1064 quae
1520 999 1647 1049 nisi
1663 998 1805 1061 fallor
1836 998 2126 1066 ubicumque
2160 999 2376 1052 adhibita
2408 1010 2503 1064 est,
2537 1018 2667 1050 eun-

292 1091 402 1141 dem
443 1106 614 1140 versus
664 1090 846 1140 locum·
868 1089 1122 1156 occupavit
1155 1106 1300 1138 -υυ
1314 1116 1379 1125 -—
1412 1090 1543 1152 παρὰ
1579 1088 1711 1155 νηυσὶ
1745 1090 1954 1152 κορωνίσι
1988 1107 2252 1140 --υυ-υ,
2319 1091 2458 1142 Idem
2485 1091 2668 1141 factum

290 1182 342 1232 in
375 1180 566 1232 duobus
605 1179 858 1249 Odysseae
891 1180 1026 1242 locis,
1062 1197 1267 1246 quorum
1302 1187 1501 1245 uterque
1535 1197 1595 1230 ex
1628 1179 1781 1230 Iliade
1816 1197 2072 1246 expressus
2106 1188 2182 1231 est
2217 1199 2242 1229 τ
2264 1183 2363 1233 183·
2393 1182 2488 1230 ἀλλ’
2525 1184 2553 1230 ὁ
2579 1182 2668 1243 μὲν

291 1274 343 1322 ἐν
379 1274 537 1337 νήεσσι
573 1272 813 1334 κορωνίσιν
842 1271 970 1321 Ἴλιον
1005 1269 1117 1320 εἴσω
1158 1279 1206 1320 et
1245 1273 1339 1321 193
1373 1272 1601 1335 οἰχομένῳ
1630 1269 1716 1319 σὺν
1750 1288 1787 1320 ν.
1823 1290 1863 1320 κ.
1898 1272 1932 1320 Ι.
1966 1270 2093 1320 εἴσω.
2162 1273 2485 1336 Πολυκλήις
2515 1288 2668 1336 aequa

291 1363 608 1430 proportione
659 1362 712 1410 in
762 1371 966 1427 utroque
1019 1361 1230 1411 carmine
1273 1362 1516 1411 invenitur
1566 1359 1709 1429 (6,5),
1763 1362 1993 1428 quoniam
2042 1370 2255 1411 transtra
2294 1363 2439 1412 etiam
2460 1361 2669 1410 navium

292 1453 637 1504 subductam
672 1452 840 1504 oculos
874 1453 1159 1502 inmentimn
1192 1453 1383 1503 festum.
1456 1451 1554 1502 sed
1588 1438 1745 1518 quum-
1767 1453 1819 1502 in
1844 1453 1996 1503 made
2031 1469 2183 1503 naves
2213 1452 2412 1518 quidem
2445 1451 2666 1501 transtris

289 1546 551 1594 instructae
596 1544 788 1609 saepius
828 1552 1180 1604 memorentur,
1234 1542 1445 1608 remiges
1479 1551 1640 1592 autem
1672 1543 1724 1592 in
1757 1544 1980 1593 transtris
2015 1542 2322 1592 considentes
2355 1550 2503 1609 poem
2534 1558 2667 1594 num-

290 1654 436 1703 quam
487 1636 675 1696 fecerit,
730 1642 936 1699 apparet
987 1651 1073 1683 cur
1123 1633 1253 1698 κληί
1255 1650 1283 1690 ς
1324 1632 1454 1698 quod
1490 1632 1713 1700 Odyssea
1754 1633 1981 1684 undecies
2015 1633 2253 1687 habetuin
2286 1633 2440 1682 Iliade·
2472 1650 2573 1681 non
2608 1632 2667 1680 sit

287 1727 381 1776 nisi
415 1744 514 1775 uno
549 1726 659 1775 loco
694 1727 742 1773 Π
758 1727 854 1774 170
890 1725 1149 1788 πεντήκοντ’
1185 1723 1300 1771 ἔσαν
1334 1724 1510 1785 ἄνδρες
1540 1723 1620 1773 ἐπὶ
1654 1726 1825 1789 κληῖσιν
1846 1723 2071 1786 &ratpot-
2115 1723 2344 1774 Ceterum
2377 1740 2479 1772 non
2500 1722 2665 1772 inutile

287 1817 428 1867 fuerit
479 1832 700 1878 monere,
756 1815 886 1881 quod
936 1815 988 1863 in
1039 1833 1128 1864 usu
1178 1814 1315 1864 verbi
1359 1814 1621 1871 καθίζειν
1660 1818 1799 1878 1·Ι,21
1837 1815 2247 1864 ωιιωωᾶηωτείῒ
2278 1814 2404 1863 inter
2437 1812 2531 1862 duo
2556 1829 2666 1861 car-

288 1909 436 1970 mina,
473 1909 574 1975 ejus
608 1907 963 1973 discrepantiae
997 1905 1181 1956 nullam
1215 1905 1360 1955 aliam
1392 1921 1589 1956 causam
1619 1922 1730 1956 esse
1765 1923 1912 1972 quam
1945 1923 2085 1957 usum
2116 1905 2352 1957 formulae
2375 1905 2431 1953 in·
2445 1903 2667 1970 Odyssea

288 2001 591 2064 frequentem
626 1999 690 2048 ab
724 1997 875 2047 Iliade
911 1996 1121 2074 alienum
1156 1996 1235 2044 ἐπὶ
1269 1999 1414 2062 κληῖσι
1450 1999 1645 2053 κάθιζον.
2246 1994 2248 1996 ’

477 2088 695 2139 Cetera
731 2104 961 2153 quoque
998 2105 1140 2151 quae
1177 2088 1245 2136 ad
1280 2088 1722 2152 navigationem
1756 2090 1994 2156 proprie
2027 2089 2351 2155 pertinent,
2388 2088 2446 2134 in
2479 2085 2665 2133 Iliade

289 2188 386 2227 aut
420 2180 630 2227 desunt
664 2179 907 2227 omnino
943 2186 1039 2225 aut
1073 2194 1203 2226 raro
1239 2179 1640 2240 admittuntur,
1675 2170 1812 2228 velut'
1842 2182 2123 2245 πηδάλιον
2156 2181 2262 2238 Ο,5,
2315 2178 2672 2243 κυβερνήτης

288 2270 374 2335 (--
389 2270 530 2335 ητήρ)
567 2272 644 2328 2,7
681 2268 818 2333 (T43
854 2268 932 2316 καὶ
964 2267 1017 2316 οἵ
1044 2286 1135 2329 περ
1160 2270 1211 2316 τὸ
1246 2270 1398 2331 πάρος·
1410 2275 1601 2331 γενεῶν
1618 2271 1671 2318 ἐν
1686 2271 1829 2333 ἀγῶνι
1842 2271 2063 2333 μένεσκον
2084 2268 2188 2318 Oltis
2205 2270 2482 2335 κυβερνῆται
2512 2267 2555 2313 Ψ
2569 2267 2665 2314 316

283 2363 394 2425 μήτι
428 2359 587 2409 ὃάῢτε
623 2361 911 2426 κυβερνήτης
941 2358 1011 2407 ἐνὶ
1044 2357 1189 2408 οἴνοπι
1225 2361 1377 2423 πόντῳ
1413 2361 1511 2425 Νῆα
1545 2362 1660 2426 θοὴν
1694 2359 1838 2410 ἰθύνει
1873 2390 1940 2397 -
1973 2362 2274 2427 κοβερνάω·
2298 2356 2664 2421 ἆπ.ἐιρ.γ·283).

284 2450 470 2500 Ἱστίον
522 2449 654 2516 quod
704 2449 756 2498 in
791 2448 1016 2516 Odyssea
1064 2449 1341 2499 undevicies
1391 2450 1585 2516 legitur,
1633 2450 1753 2501 *Ilias
1795 2449 1861 2516 (si
1893 2460 2045 2502 unum
2078 2451 2231 2503 simile
2264 2447 2474 2513 excipias
2516 2448 2550 2494 Ο
2565 2448 2664 2495 627

288 2541 480 2605 ἀνέμοιο
512 2543 570 2590 δὲ
605 2540 760 2597 δεινὸς
793 2540 943 2605 ἀήτης·
973 2540 1100 2604 ἱστίῳ
1133 2541 1446 2609 ἐμβρέμεται)
1498 2558 1602 2591 non
1651 2541 1801 2592 habet
1851 2541 1943 2592 nisi
1992 2536 2089 2593 illo·
2108 2541 2261 2609 primi
2290 2538 2422 2591 libiix>
2442 2536 2551 2588 loeo
2585 2536 2667 2585 ubi

289 2631 572 2701 Chryseidis
614 2631 811 2683 domum
846 2630 1067 2682 deductio
1100 2639 1344 2695 narratur,
1398 2634 1472 2684 cui
1503 2648 1675 2683 versus
1710 2634 1809 2682 433
1845 2631 1963 2683 ἱστία
1993 2634 2084 2698 μὲν
2117 2633 2354 2682 υτείλαντο
2381 2630 2534 2679 ’θέσαν
2554 2630 2664 2678 ’δ’ἐν

291 2724 362 2789 νηὶ
409 2724 608 2787 μελαίνῃ
659 2722 914 2788 peculiaris
966 2730 1041 2771 est
1091 2721 1169 2788 (cf.
1195 2741 1226 2785 r
1246 2724 1328 2791 11)
1376 2742 1476 2774 vss.
1513 2727 1614 2775 480
1648 2724 1740 2772 ἀνά
1773 2724 1970 2772 θ’·ἱστία
2004 2724 2148 2773 λευκὰ
2184 2724 2444 2780 πέτασσαν,
2478 2714 2573 2768 ’481
2596 2719 2666 2767 -ἑν

287 2812 508 2875 δ’ἅνεμος
537 2818 716 2878 πρῆσεν
747 2814 899 2876 μέγαν
934 2813 1074 2861 ἱστίον
1108 2829 1167 2862 ex
1202 2813 1425 2880 Odyssea
1455 2814 1691 2864 translati.
1753 2814 1864 2876 Qua
1884 2814 1949 2864 ¹‹in
1971 2831 2035 2864 re
2064 2808 2172 2864 non
2204 2808 2406 2880 possum
2438 2826 2541 2859 non
2555 2823 2558 2826 ·
2571 2808 2666 2858 dis—

289 2903 470 2952 sentire
512 2921 543 2951 a
564 2902 808 2952 Mauricio
842 2902 1080 2968 Haupti0,
1134 2902 1309 2953 harum
1340 2915 1502 2955 rerum
1528 2903 1690 2970 judice
1705 2905 2173 2971 '‘intellegentissimo
2207 2910 2260 2952 et
2274 2930 2277 2935 ·
2291 2900 2548 2960 acerrime,
2580 2899 2666 2964 qui

289 2994 340 3041 in
392 2993 486 3042 hoc
536 2992 867 3042 translationis
898 3009 1092 3058 >genere
1145 2993 1355 3043 offendit.
1425 2995 1600 3044 Immo*
1618 3002 1738 3044 vero
1771 3002 1826 3044 ut
1848 2993 2023 3045 dicam·
2049 2993 2179 3060 quod
2213 2992 2391 3050 sentio,
2405 3014 2418 3023 ·-
2433 2983 2666 3054 'equidem

290 3082 588 3135 offenderem
629 3084 678 3134 ‘si
726 3083 806 3134 hic
854 3082 990 3134 locus
1032 3103 1062 3134 a
1106 3084 1276 3135 ceteris
1320 3085 1533 3152 ejusdem
1575 3085 1649 3135 rei
1681 3084 2083 3151 descriptionibus
2116 3084 2320 3135 multum
2356 3073 2663 3146 discreparet,

291 3173 419 3223 Nam
469 3174 652 3225 habent
703 3174 797 3224 hoc
848 3173 897 3224 hi
949 3184 1144 3239 poetae,
1199 3183 1251 3225 ut
1304 3174 1366 3224 ad
1406 3193 1485 3225 res
1529 3176 1722 3240 saepius
1758 3176 2055 3226 enan-andes
2087 3168 2293 3240 ¹(quales
2329 3164 2441 3222 sunt
2459 3179 2666 3238 'praeter
