2846 3588
1387 275 1449 318 15

980 452 1297 525 Facultatis
1345 454 1855 550 philosophorum.

371 609 412 653 1.
466 603 818 652 Oeconomices
852 600 1042 652 nomen
1068 602 1279 667 antiquis
1313 618 1415 653 non
1446 603 1577 653 idem
1609 602 1916 669 significabat
1949 601 2081 667 quod
2113 601 2270 651 nobis.
2321 600 2606 668 Explicatur

230 693 371 760 igitur
408 709 435 742 e
470 691 660 757 scriptis
693 691 952 757 praecipue
985 691 1258 743 Afistotelis
1289 698 1342 743 et
1372 692 1731 757 Xenophontis,
1768 709 1892 758 quae
1924 690 2068 742 fuerit
2101 706 2129 740 e
2164 692 2404 740 sententia
2437 708 2610 742 eorum

231 791 404 835 natura
454 789 503 832 et
541 780 731 832 indoles
773 781 1133 845 oeconomices,
1185 799 1425 849 quemque
1458 780 1620 833 locum
1650 782 1858 834 tenuerit
1889 781 2017 833 inter
2050 780 2243 831 ethieen
2277 792 2326 830 et
2357 782 2602 847 politicen,

232 893 324 924 nec
357 892 461 924 non
495 880 651 923 artem
683 874 1041 940 quaestuariam
1074 873 1177 923 sive
1211 872 1612 923 chrematisficen.

367 991 413 1039 2.
465 988 617 1039 Jussu
666 987 831 1054 papali
863 986 1035 1038 Rafael
1069 986 1265 1059 Santius
1298 987 1507 1039 Romam
1551 987 1797 1054 antiquam
1842 987 2096 1054 descripsit
2135 986 2441 1052 formamque
2474 987 2607 1038 urbis

232 1081 283 1129 in
317 1079 484 1130 tabula
535 1078 827 1129 delineatam
866 1077 1062 1129 addidit.
1131 1077 1212 1129 Ad
1243 1085 1465 1131 nostram
1498 1085 1706 1129 aetatem
1739 1079 1843 1130 sola
1875 1078 2230 1146 prolegomena
2262 1086 2606 1143 pervenertmt7

230 1171 413 1219 inserta
444 1170 496 1218 in
531 1168 799 1234 epistolam,
836 1187 983 1235 quam
1017 1168 1134 1219 olim
1165 1168 1424 1219 Balthasar
1449 1167 1763 1235 Castiglione,
1800 1177 1964 1219 orator
1996 1169 2127 1235 apud
2142 1168 2364 1235 Leonem
2380 1167 2444 1216 X.
2464 1167 2519 1216 P.
2538 1167 2604 1216 M.

233 1260 515 1325 concepisse
551 1259 851 1309 credebatur.
921 1259 1033 1320 Qua
1063 1260 1116 1308 in
1149 1259 1471 1326 descriptione
1503 1261 1658 1309 multa
1689 1261 1904 1310 aedificia
1934 1260 1987 1308 in
2010 1258 2229 1325 singulas
2247 1259 2429 1308 classes
2452 1259 2607 1308 distri-

230 1352 348 1400 buta
398 1359 524 1399 sunt.
593 1350 923 1412 Examinetur‚
978 1366 1075 1415 qua
1114 1350 1316 1399 scientia
1355 1350 1704 1402 architecturae
1746 1351 1970 1416 antiquae
2004 1357 2054 1399 et
2086 1349 2310 1415 gothicae
2343 1348 2604 1398 instructus

231 1440 387 1505 pictor
439 1439 779 1489 celeberrimus
825 1439 955 1489 hanc
1006 1439 1390 1490 distributionem
1427 1439 1697 1491 instituerit.
1765 1441 1891 1489 Eam
1924 1439 2182 1504 epistolam
2217 1439 2311 1488 duo
2346 1439 2457 1488 libri
2492 1456 2607 1488 con-

230 1530 400 1592 tinent,
437 1529 560 1578 alter
592 1529 810 1595 plurimis
844 1530 1236 1582 adnotationibus
1268 1529 1550 1593 illustratus,
1587 1547 1733 1598 quem
1766 1529 1941 1580 Daniel
1972 1530 2305 1579 Francesconi
2338 1529 2406 1579 ita
2439 1530 2606 1580 inscri-

230 1628 369 1685 ptum
413 1619 582 1669 edidit:
636 1619 970 1687 „congettura
1019 1621 1109 1670 che
1158 1638 1259 1670 una
1297 1620 1470 1671 lettera
1511 1621 1710 1671 creduta
1742 1621 1791 1670 di
1822 1620 2082 1670 Baldessar
2116 1619 2417 1686 Castiglione
2452 1621 2525 1670 sia
2560 1620 2609 1669 di

231 1708 446 1760 Rafaelle
482 1710 733 1762 d'Urbino.
777 1710 983 1761 Firenze
1022 1713 1209 1774 1799“;
1262 1709 1385 1761 alter
1418 1729 1449 1761 a
1481 1711 1680 1762 Joanne
1713 1710 2027 1760 Passavantio
2062 1710 2383 1776 compositus:
2435 1710 2607 1760 Rafael

230 1817 332 1849 von
364 1800 556 1851 Urbino
575 1801 702 1852 -Vol.
721 1802 761 1863 Ι,
796 1819 846 1868 p.
866 1804 982 1852 539.
1049 1802 1111 1852 Ι11
1145 1818 1422 1852 sermonem
1453 1801 1768 1852 vernaculum
1800 1819 1942 1851 versa
1972 1801 2216 1851 invenitur
2249 1801 2302 1850 in
2334 1801 2411 1851 his
2444 1801 2604 1851 libris:

233 1890 633 1957 „Beschreibung
667 1892 754 1941 der
772 1891 914 1942 Stadt
929 1891 1057 1942 Rom
1089 1891 1200 1943 Vol.
1217 1892 1257 1952 Ι,
1293 1908 1342 1957 p.
1363 1893 1476 1942 266.
1529 1890 1666 1942 Guhl
1697 1890 2109 1941 Kuenstlerbriefe
2143 1891 2254 1941 Vol.
2273 1890 2313 1953 Ι,
2352 1908 2400 1956 p.
2425 1891 2570 1941 135.“

368 2005 412 2051 3.
467 2003 543 2051 De
577 2004 716 2053 acido
749 2004 1083 2072 Kynurenico.
1154 2004 1412 2066 Quomodo
1446 2006 1507 2055 sit
1538 2005 1834 2070 parandum,
1887 2021 2127 2070 quaenam
2161 2005 2264 2071 ejus
2300 2004 2603 2070 compositio,

229 2111 469 2158 quaenam
502 2094 857 2158 praestantiora
891 2095 992 2161 ejus
1027 2094 1125 2143 sint
1159 2095 1416 2159 connubia,
1453 2095 1793 2162 experimentis
1828 2095 2028 2144 dilucide
2064 2101 2350 2162 exponatur.
