2846 3588
260 400 624 468 navigationem
668 398 878 466 epulatio
924 399 1209 451 sacrificatio
1259 400 1466 451 vestium
1512 406 1561 449 et
1609 416 1857 449 armorum
1905 400 2097 450 indutus
2138 407 2187 449 et
2225 397 2421 464 similia)
2471 395 2642 446 iisdem

260 491 421 541 verbis
472 491 542 540 uti
596 498 773 552 ament,
826 490 928 540 sive
981 507 1039 539 ea
1088 490 1182 556 ipsi
1231 490 1536 550 invenerunt,
1587 489 1691 538 sive
1741 506 1801 538 ex
1843 489 2047 539 aliorum
2098 490 2392 540 carminibus
2442 486 2644 536 mutuati

260 588 388 632 sunt.>
458 580 569 642 Qua
619 579 672 629 in
720 597 775 629 re
817 597 921 629 non
959 579 1010 630 id
1052 580 1211 647 egisse
1258 580 1375 630 mihi
1409 580 1633 629 videntur
1664 587 1718 629 ut
1749 579 1981 630 formulas
2017 580 2258 629 constanti
2291 598 2383 630 usu
2417 577 2642 643 vulgatas

262 671 593 737 superstitiose
628 677 894 733 servarent,
930 671 1083 720 multo
1117 670 1278 720 minus
1313 679 1474 720 autem
1506 678 1560 720 ut
1594 670 1756 719 dedita
1788 688 1940 737 opera
1964 671 2223 719 variarent.
2292 671 2406 719 Non
2439 684 2644 735 possum

261 768 424 811 autem
474 761 591 811 satis
634 761 800 810 mirari
833 762 1024 811 criticos
1058 762 1337 825 nonnullos,
1381 762 1463 828 qui
1497 778 1648 828 quum
1678 761 1762 810 illa
1796 762 1859 811 ab
1892 761 2113 811 Homero
2149 760 2422 827 abjudicent
2453 776 2579 825 quae
2615 775 2645 806 a

265 852 408 903 solita
456 851 644 901 ratione
697 851 950 902 discedunt
999 859 1103 902 tum
1143 851 1227 902 illa
1259 853 1312 901 in
1352 852 1679 918 suspicionem
1718 860 1898 901 vocant
1931 869 2056 918 quae
2091 869 2203 900 cum
2235 850 2342 900 aliis
2377 849 2643 899 carminum

264 942 639 994 Homericorum
680 942 800 993 locis
844 943 1130 993 concinunt:
1182 943 1305 993 haec
1338 944 1470 992 enim
1502 942 1730 993 servilem
1761 943 2078 992 imitationem
2111 942 2320 1008 prodere
2355 941 2509 1007 ajunt,
2561 939 2644 989 illa

262 1033 545 1083 recentioris
579 1033 751 1083 aetatis
787 1022 1063 1083 dictionem.
1112 1032 1341 1084 Ceterum
1375 1034 1457 1084 vix
1489 1051 1707 1099 unquam
1741 1042 1871 1083 certo
1907 1034 2015 1083 sciri
2048 1034 2247 1099 poterit,
2284 1041 2445 1082 utrum
2479 1038 2644 1080 auctor

263 1123 554 1174 narrationis
595 1122 657 1172 de
692 1122 962 1190 Chryseide
1006 1141 1068 1172 ex
1102 1123 1327 1191 Odyssea
1369 1125 1605 1187 hauserit,
1658 1132 1711 1173 ut
1743 1125 1956 1190 Hauptio
1990 1125 2181 1173 videtur
2214 1123 2354 1190 (1.1.)
2390 1141 2455 1170 an
2488 1123 2529 1170 is
2564 1122 2646 1185 qui

264 1214 627 1281 navigationem
662 1213 944 1263 Telemachi
978 1214 1194 1263 narravit
1228 1232 1288 1264 ex
1321 1215 1416 1264 hoc
1448 1209 1581 1277 loco,
1637 1233 1761 1282 quae
1796 1224 1869 1265 est
1902 1216 2133 1265 Nitzschii
2168 1214 2410 1264 sententia
2444 1211 2643 1277 (Adnot.

265 1304 330 1353 ad
364 1304 639 1372 Odysseam
671 1304 780 1355 Vol.
799 1305 839 1354 Ι.
874 1322 924 1370 p.
949 1305 1078 1372 125).
1147 1305 1260 1354 Hoc
1300 1305 1505 1355 fortasse
1540 1306 1788 1372 dijudicari
1820 1316 2007 1371 posset,
2057 1307 2098 1356 si
2132 1305 2352 1355 carmina
2385 1302 2648 1353 Homerica

265 1394 554 1446 haberemus
589 1394 750 1463 qualia
782 1395 993 1460 primum
1025 1397 1133 1445 fiisa
1166 1403 1302 1454 sunt:
1349 1396 1437 1446 sed
1470 1414 1620 1462 quum
1653 1395 1783 1461 plus
1818 1414 1930 1446 uno
1966 1396 2171 1467 saeclo
2207 1396 2349 1445 unius
2384 1391 2645 1442 memoriae

265 1485 531 1537 ministerio
567 1502 627 1535 ea
658 1493 934 1551 propagata
967 1503 1075 1536 esse
1110 1494 1313 1548 constet,
1350 1487 1455 1536 fieri
1476 1490 1593 1537 *non
1626 1487 1781 1552 potuit
1815 1487 1931 1552 quin
1962 1486 2014 1536 in
2048 1486 2345 1536 carminibus
2374 1481 2646 1550 argumenti

266 1576 463 1641 cognati
495 1575 704 1640 plurima
736 1576 947 1625 invicem
979 1577 1074 1626 huc
1105 1577 1218 1626 illuc
1251 1578 1642 1640 transferrentur,
1680 1578 1837 1627 donec
1870 1577 1964 1625 loci
1987 1578 2049 1626 ab
2073 1577 2211 1626 initio
2236 1575 2491 1625 dissimiles
2509 1572 2647 1638 quasi

266 1664 462 1732 gemelli
502 1665 779 1715 evaderent.
862 1665 1092 1716 Ceterum
1131 1674 1320 1716 tantum
1363 1668 1503 1717 abest
1543 1676 1597 1718 ut
1630 1669 1844 1718 narratio
1879 1668 1938 1717 de
1973 1667 2242 1735 Chryseide
2276 1666 2504 1716 servilem
2536 1681 2645 1729 pro-

266 1755 351 1805 dat
382 1755 672 1804 imitatorem
705 1764 758 1805 ut
789 1755 1026 1805 nonnulla
1058 1757 1238 1806 habeat
1269 1757 1321 1806 in
1339 1756 1563 1825 Odyssea
1595 1759 1811 1809 inaudita
1826 1758 1955 1807 velut
1988 1760 2007 1807 ἱ
2012 1774 2109 1807 στο
2117 1759 2292 1824 δόκην
2325 1758 2406 1805 ἅπ.
2424 1755 2510 1817 εῖρ.
2528 1756 2644 1803 434.

268 1845 369 1897 Sed
400 1846 548 1896 redeo
581 1846 711 1896 unde
746 1846 991 1913 digressus
1026 1864 1147 1897 sum.
1196 1845 1374 1905 Ἴστός
1404 1846 1559 1917 (9,33)
1594 1850 1646 1899 in
1679 1850 1830 1900 Iliade
1864 1858 2055 1917 praeter
2070 1867 2240 1899 versus
2266 1848 2440 1899 allatos
2465 1844 2648 1895 malum

267 1937 508 2005 sig-nificat
552 1938 823 2000 Ψ858,872
860 1956 1005 2004 quem
1032 1937 1247 1988 Achilles
1283 1940 1436 2005 erigit,
1473 1948 1524 1989 ut
1558 1942 1786 1992 columba
1820 1959 2026 2007 superne
2060 1941 2260 2006 alligata
2292 1938 2479 2004 sagittis
2513 1943 2647 2001 peta·

266 2035 357 2090 tur,
392 2027 589 2094 reliquis
622 2027 742 2077 locis
776 2028 938 2077 telam.
992 2029 1138 2090 Quod
1172 2030 1232 2079 de
1266 2030 1395 2080 malo
1432 2039 1479 2081 et
1511 2032 1638 2095 velo,
1674 2032 1806 2082 valet
1828 2033 1970 2082 etiam
1988 2032 2047 2082 de
2064 2047 2224 2093 rem03
2260 2047 2378 2080 nam
2395 2030 2460 2091 ἐρ
2473 2044 2534 2076 ετ
2540 2027 2649 2090 μόν

268 2118 399 2185 quod
434 2118 659 2186 Odyssea
692 2119 838 2169 vicies
890 2120 1047 2170 sexies
1091 2120 1264 2185 habet,
1316 2122 1369 2172 in
1403 2122 1552 2173 Iliade
1587 2140 1691 2173 non
1726 2132 1800 2174 est
1833 2123 1925 2173 nisi
1957 2123 2008 2172 in
2041 2138 2187 2172 versu
2219 2120 2457 2171 translato
2492 2120 2528 2167 A
2549 2118 2648 2167 435

269 2207 573 2271 καρπαλίμως
620 2209 700 2274 τὴν
751 2210 793 2256 δ’
853 2209 925 2265 εἷς·
982 2210 1125 2274 ὅρμον
1186 2212 1479 2275 προέρεσσαν
1540 2212 1757 2278 ἐρετμοῖς
1818 2212 1901 2280 (2
1933 2212 2106 2280 0497);
2183 2211 2436 2278 epitheton
2487 2214 2650 2257 autem

270 2297 491 2365 εῦηρες
520 2297 617 2347 illic
650 2298 828 2347 frustra
856 2301 1099 2365 quaeritur
1115 2300 1260 2369 (0,6)‚
1296 2303 1412 2352 item
1429 2305 1700 2370 composita
1733 2306 2172 2369 δοχιχήρετμος
2199 2304 2285 2364 0,6
2321 2303 2653 2366 ἐπήρετμοι·

268 2389 354 2451 0,ss
404 2390 763 2454 φῑλήρεῒμθς·
791 2391 889 2451 0,8.
962 2390 1063 2440 Sed
1112 2409 1230 2442 casu
1268 2395 1442 2443 accidit
1483 2404 1535 2443 ut
1568 2396 1847 2457 ἐρέσσειν
1880 2412 1976 2443 vox
2008 2411 2072 2442 ne
2106 2394 2157 2442 in
2193 2393 2419 2461 Odyssea
2453 2389 2652 2456 quidem

268 2478 497 2545 frequens
548 2477 684 2545 (nam
732 2486 808 2528 ter
847 2487 1037 2530 tantum
1080 2481 1148 2547 ibi
1180 2481 1356 2549 legitur
1389 2492 1438 2533 et
1472 2485 1622 2534 semel
1656 2486 1960 2548 προερέσσειν
1995 2501 2018 2532 ν
2037 2485 2153 2551 279)
2205 2491 2401 2549 praeter
2453 2496 2650 2548 versum

270 2568 469 2620 allatum
499 2569 717 2620 adhibita
750 2570 812 2621 sit
832 2572 979 2645 ὁ1361
1020 2577 1138 2639 νῆας
1167 2573 1305 2637 ἐμάς,
1341 2574 1393 2624 ἐν
1426 2576 1470 2624 δ’
1504 2576 1681 2639 ἄνδρας
1710 2577 2016 2639 ἐρεσσέμεναι
2045 2580 2327 2638 μεμαῶτας,
2362 2582 2413 2624 et
2448 2573 2655 2636 ἐρέτης

271 2660 402 2725 quod
436 2659 661 2729 Odyssea
711 2662 921 2729 quinque
971 2662 1094 2714 locis
1127 2664 1297 2728 habet,
1349 2674 1424 2715 ter
1466 2668 1503 2715 A
1525 2669 1632 2729 142,
1678 2668 1774 2717 309
1809 2667 1850 2716 Β
1865 2669 1977 2717 719.
2050 2666 2150 2717 Sed
2185 2667 2365 2715 κέλλω
2400 2664 2650 2731 Odysseae

271 2750 513 2814 peculiare
549 2759 623 2802 est
656 2751 778 2821 (o,5)
811 2754 928 2803 item
962 2758 1289 2821 πρυμνήσια
1325 2759 1430 2817 1‚11
1470 2754 1524 2822 (A
1537 2758 1636 2806 476
1670 2759 1731 2822 δὴ
1767 2758 1870 2805 τότε
1904 2759 2186 2821 κοιμήσαντο
2223 2759 2355 2820 παρὰ
2389 2754 2652 2817 πρυμνήσια

271 2839 382 2903 νηός
413 2855 475 2890 ex
509 2840 733 2909 Odyssea
767 2843 1012 2894 desumtus
1047 2846 1156 2913 est).
1224 2846 1388 2895 Etiam
1404 2892 1406 2894 ,
1420 2848 1516 2912 ἤια
1549 2845 1669 2914 (1‚7)
1702 2846 1811 2895 ideo
1845 2847 1896 2894 in
1926 2845 2154 2914 Odyssea
2185 2857 2323 2897 tanto
2356 2842 2654 2910 frequentius

271 2934 370 2991 est,
410 2929 537 2995 vquia
577 2931 755 2998 ubique
797 2932 858 2983 de
898 2934 1233 3000 navigantium
1268 2944 1538 2986 commeatu
1570 2937 1750 2986 dictum
1783 2943 1858 2986 est
1890 2945 2098 3003 excepto
2132 2955 2232 2987 uno
2265 2937 2373 2986 loco
2407 2952 2434 2983 ε
2455 2936 2556 2984 368
2589 2936 2658 2989 ὡς

272 3019 315 3066 δ’
334 3017 522 3081 ’ἄνεμος
552 3022 663 3087 ζαής
699 3023 814 3088 ῆίων
846 3027 1042 3089 θημῶνα
1077 3028 1256 3090 τινάξῃ
1291 3026 1425 3075 locus
1458 3026 1621 3075 Iliadis
1655 3035 1730 3077 est
1766 3028 1810 3075 N
1827 3028 1918 3077 103
1953 3028 2104 3076 λύκων
2139 3030 2175 3075 τ’
2209 3028 2288 3091 ἤια
2324 3027 2554 3075 πέλονται.
2645 3083 2653 3091 ¹

432 3310 477 3326 ι,
489 3314 511 3325 ,.
528 3313 567 3326 ,,
2288 3282 2314 3323 2
